2792 4334
454 320 544 367 156

1181 321 1235 381 Q.
1272 321 1533 372 HORATI
1570 320 1809 372 FLAOOI

691 457 952 530 prodigus
980 462 1039 514 et
1065 457 1273 514 stultus
1300 457 1470 513 donat
1498 476 1637 530 quae
1665 458 1876 531 spernit
1902 462 1959 514 et
1987 457 2104 515 odit
2128 479 2141 515 :

691 539 829 596 haec
854 558 1009 611 seges
1036 540 1281 610 ingratos
1308 538 1447 595 tulit
1475 544 1530 596 et
1557 539 1698 597 feret
1725 539 1979 596 omnibus
2006 540 2178 596 annis.

692 621 786 677 vir
810 621 988 678 bonus
1016 626 1073 678 et
1099 621 1314 692 sapiens
1344 620 1525 692 dignis
1553 623 1635 678 ait
1663 640 1779 678 esse
1807 626 2046 693 paratus,

692 721 796 760 nec
820 707 1009 759 tamen
1035 703 1252 774 ignorat
1279 702 1414 773 quid
1444 702 1653 760 distent
1680 721 1809 759 aera
1834 702 2054 774 lupinis,

693 784 924 856 dignum
952 783 1241 855 praestabo
1268 801 1355 838 me
1385 784 1551 839 etiam
1581 802 1677 855 pro
1704 783 1867 841 laude
1893 783 2167 841 merentis,

693 865 891 938 quodsi
917 882 1005 920 mc
1033 864 1184 920 noles
1212 883 1445 936 usquam
1474 865 1761 936 discedere,
1795 865 1988 922 reddes

694 947 837 1003 forte
863 946 1028 1016 latus,
1059 946 1242 1017 nigros
1270 951 1507 1017 angusta
1531 947 1712 1002 fronte
1741 947 1980 1019 capillos„

693 1027 887 1085 reddes
916 1026 1071 1083 dulce
1097 1027 1263 1100 loqui,
1296 1028 1492 1084 reddes
1519 1027 1693 1084 ridere
1720 1028 1972 1085 decorum
2000 1033 2059 1085 et

693 1110 839 1165 inter
864 1110 996 1164 vina
1022 1109 1213 1180 fugam
1241 1109 1473 1166 Cinarae
1500 1128 1738 1166 maerere
1766 1115 2068 1182 protervae.

693 1191 837 1247 forte
863 1208 961 1262 per
987 1195 1279 1262 angustam
1307 1192 1492 1247 tenuis
1519 1190 1811 1263 vulpecula
1837 1192 2039 1264 rimam

693 1275 939 1344 repserat
965 1273 1024 1327 in
1051 1290 1325 1329 cumeram
1352 1274 1635 1340 frumenti,
1665 1278 1932 1344 pastaque
1958 1291 2147 1330 rursus

693 1354 778 1410 ire
805 1353 947 1409 foras
974 1353 1133 1425 pleno
1162 1354 1429 1410 tendebat
1458 1372 1673 1425 corpore
1701 1353 1921 1412 frustra.

694 1436 786 1491 cui
811 1434 1047 1491 mustela
1073 1435 1262 1506 procul
1294 1438 1307 1464 ‘
1325 1436 1372 1490 si
1402 1436 1521 1508 vis,'
1549 1437 1646 1506 ait,
1684 1438 1697 1464 ‘
1714 1435 1947 1506 effugere
1973 1436 2152 1508 istinc,

693 1534 879 1572 macra
907 1534 1102 1572 cavum
1129 1521 1341 1588 repetes
1370 1521 1569 1588 artum,
1603 1535 1767 1589 quem
1794 1535 1976 1573 macra
2001 1517 2237 1574 subisti.'

693 1597 800 1654 hac
826 1615 924 1669 ego
952 1598 1000 1653 si
1028 1598 1319 1670 compellor
1346 1598 1599 1670 imagine,
1633 1603 1833 1654 cuncta
1860 1598 2070 1670 resigno
2090 1619 2107 1670 ;

692 1697 798 1736 nec
822 1697 1074 1735 somnum
1100 1679 1277 1751 plebis
1305 1679 1471 1735 laudo
1499 1684 1653 1735 satur
1680 1679 1933 1751 altilium,
1966 1697 2066 1737 nec

693 1761 812 1817 otia
836 1760 1049 1816 divitiis
1076 1760 1325 1817 Arabum
1353 1761 1634 1817 liberrima
1660 1766 1831 1820 muto,

692 1860 854 1915 saepe
880 1841 1249 1898 verecundum
1275 1842 1530 1914 laudasti,
1564 1860 1766 1914 rexque
1793 1846 2055 1915 paterque

693 1923 902 1980 audisti
930 1940 1124 1994 coram,
1160 1942 1259 1979 nec
1285 1923 1457 1980 verbo
1484 1924 1697 1996 parcius
1725 1924 1956 1981 absens:

692 2005 914 2076 inspice,
947 2005 994 2060 si
1021 2023 1244 2076 possum
1272 2004 1478 2062 donata
1505 2023 1761 2077 reponere
1788 2004 1982 2065 laetus.

693 2084 842 2142 haud
869 2085 1013 2142 male
1040 2086 1415 2158 Telemachus,
1449 2087 1625 2159 proles
1651 2087 1916 2158 patientis
1944 2085 2168 2144 Ulixei:

657 2170 674 2198 ‘
694 2185 806 2223 non
831 2172 916 2223 est
943 2171 1105 2238 aptus
1133 2169 1287 2240 equis
1317 2168 1512 2224 Ithace
1540 2168 1706 2238 locus,
1737 2171 1805 2224 ut
1832 2186 2006 2240 neque
2033 2168 2216 2240 planis

692 2253 974 2321 porrectus
1000 2248 1196 2320 spatiis
1222 2267 1319 2305 nec
1347 2249 1557 2306 multae
1584 2249 1843 2321 prodigus
1871 2249 2104 2306 herbae:

692 2329 906 2401 Atride,
938 2331 1110 2402 magis
1139 2335 1271 2402 apta
1298 2330 1405 2387 tibi
1433 2336 1530 2387 tua
1558 2330 1701 2387 dona
1727 2330 2067 2402 relinquam.'

692 2429 927 2484 parvum
954 2429 1122 2483 parva
1150 2412 1346 2469 decent
1372 2434 1382 2469 :
1429 2412 1566 2468 mihi
1593 2413 1703 2469 iam
1732 2430 1841 2467 non
1869 2412 2016 2483 regia
2043 2411 2237 2484 Roma,

692 2493 794 2549 sed
818 2510 1053 2549 vacuum
1081 2493 1253 2549 Tibur
1278 2493 1462 2566 placet
1490 2499 1587 2551 aut
1615 2493 1818 2550 inbelle
1848 2493 2162 2551 Tarentum.

692 2578 951 2630 strenuus
979 2578 1037 2630 ct
1063 2574 1223 2631 fortis
1251 2576 1535 2648 causisque
1563 2576 1855 2648 Philippus
1882 2575 2107 2646 agendis

693 2655 873 2712 clarus
901 2655 973 2711 ab
1001 2655 1190 2711 officiis
1219 2661 1471 2712 octavam
1499 2658 1711 2713 circiter
1737 2656 1927 2712 horam

693 2736 830 2793 dum
854 2735 998 2793 redit
1026 2741 1193 2808 atque
1220 2738 1335 2793 foro
1363 2739 1597 2794 nimium
1625 2738 1829 2794 distare
1858 2736 2087 2794 Carinas

692 2818 809 2874 iam
832 2817 1056 2889 grandis
1083 2823 1222 2874 natu
1250 2820 1510 2891 queritur,
1544 2820 1840 2891 conspexit,
1874 2823 1937 2875 ut
1964 2818 2135 2890 aiunt,

694 2900 954 2956 adrasum
982 2898 1257 2971 quendam
1282 2917 1458 2955 vacua
1485 2901 1719 2956 tonsoris
1747 2901 1806 2956 in
1833 2900 2028 2956 umbra

694 2980 918 3037 cultello
945 2981 1192 3052 proprios
1220 2986 1544 3052 purgantem
1572 2981 1768 3038 leniter
1795 2999 2017 3053 ungues

659 3064 674 3092 ‘
694 3062 1201 3132 Demetri,'——puer
1226 3061 1314 3117 hic
1341 3080 1453 3117 non
1481 3062 1635 3119 laeve
1662 3064 1814 3118 iussa
1840 3061 2086 3134 Philippi

693 3142 1095 3215 accipiebat—‘
1111 3142 1220 3214 abi,
1254 3161 1453 3215 quaere
1481 3147 1538 3199 et
1565 3144 1719 3214 refer,
1751 3144 1896 3199 unde
1924 3143 2100 3215 dom0,
2132 3146 2271 3217 quiS,

694 3226 848 3281 cuius
871 3224 1142 3295 fortunae,
1176 3242 1282 3297 quo
1311 3224 1386 3279 sit
1415 3230 1569 3296 patre
1599 3243 1775 3298 quove
1802 3224 2067 3297 patron0.'

693 3306 759 3377 it,
791 3305 933 3363 redit
961 3311 1018 3362 et
1045 3311 1248 3375 narrat,
1278 3305 1568 3362 Vulteium
1596 3307 1815 3362 nomine
1845 3306 2083 3376 Menam,

692 3405 1031 3459 praeconem,
1064 3388 1220 3444 tenui
1242 3405 1422 3459 censn,
1454 3388 1570 3443 sine
1600 3388 1844 3456 crimine,
1872 3390 2065 3444 notum

695 3473 758 3524 et
783 3486 1065 3541 properare
1091 3468 1210 3525 loco
1237 3473 1293 3525 et
1320 3486 1528 3525 cessare
1555 3473 1613 3524 et
1640 3485 1895 3539 quaerere
1923 3472 1980 3524 et
2006 3470 2107 3540 uti,

693 3550 1028 3621 gaudentem
1055 3551 1344 3622 parvisque
1371 3547 1650 3605 sodalibus
1679 3554 1737 3605 et
1763 3549 1877 3605 lare
1903 3555 2051 3606 certo

698 3634 760 3687 et
785 3630 929 3687 ludis
958 3636 1016 3687 et
1043 3636 1168 3703 post
1197 3631 1375 3687 decisa
1403 3631 1622 3702 negotia
1649 3648 1856 3702 camp0.

662 3715 676 3742 ‘
696 3713 883 3768 scitari
911 3712 1051 3769 libet
1079 3730 1146 3768 ex
1175 3712 1291 3785 ipso
1318 3711 1699 3785 quodcumque
1726 3712 1926 3771 refers:
1970 3714 2057 3770 dic

700 3793 776 3850 ad
802 3811 989 3850 cenam
1018 3794 1243 3850 veniat'
1322 3812 1435 3852 non
1462 3811 1589 3851 sane
1617 3794 1832 3851 credere
1859 3794 2025 3852 Mena
2043 3815 2062 3867 3

2478 482 2536 512 20

2479 1299 2536 1342 30

2471 1702 2527 1749 35

2479 2112 2538 2156 40

2478 2517 2535 2564 45

2480 3330 2534 3375 55

2481 3725 2539 3768 60
