2792 4334
981 283 1362 336 CARMINUM
1398 282 1529 332 LIB.
1569 281 1597 330 I

1199 468 1381 526 XVII

729 577 908 635 Velox
937 594 1232 632 amoenum
1261 592 1422 646 saepe
1451 569 1791 629 Lucretilem

732 664 919 715 mutat
947 658 1162 730 Lycaeo
1192 658 1419 713 Faunus
1447 661 1505 711 et
1531 655 1752 725 igneam

812 740 1067 796 defendit
1092 744 1367 796 aestatem
1397 735 1620 808 capellis

891 838 1067 893 usque
1094 820 1232 876 meis
1260 818 1590 891 pluviosque
1618 817 1832 870 ventos,

734 903 940 975 inpune
967 907 1159 957 tutum
1185 918 1284 973 per
1311 915 1509 955 nemus
1535 896 1765 953 arbutos

733 987 1009 1056 quaerunt
1034 982 1275 1038 latentes
1304 984 1362 1036 et
1390 978 1588 1048 thyma
1613 975 1807 1032 deviae

816 1063 1020 1121 olentis
1046 1079 1244 1118 uxores
1272 1060 1477 1130 mariti,

896 1162 995 1201 nec
1021 1143 1226 1200 virides
1254 1145 1516 1198 metuunt
1542 1137 1811 1207 colubraS,

737 1244 838 1282 nec
865 1223 1156 1282 Martiales
1184 1222 1456 1279 haediliae
1482 1221 1660 1291 lupOS,

738 1312 1039 1377 utcumque
1067 1304 1231 1375 dulci,
1266 1301 1526 1376 Tyndari,
1556 1297 1749 1356 fistula

820 1386 994 1443 valles
1021 1392 1078 1443 et
1105 1385 1337 1442 Usticae
1364 1382 1622 1440 cubantis

901 1467 1048 1525 levia
1071 1483 1400 1540 personuere
1427 1481 1576 1521 saxa.

741 1550 803 1607 di
831 1567 919 1606 me
947 1553 1192 1618 tuentur,
1225 1546 1313 1603 dis
1337 1546 1518 1618 pietas
1546 1561 1671 1599 mea

743 1636 803 1688 et
831 1631 998 1687 Musa
1024 1629 1174 1686 cordi
1202 1632 1304 1685 est.
1391 1626 1520 1682 hinc
1547 1624 1657 1681 tibi
1684 1623 1842 1695 copia

826 1711 1076 1768 manabit
1103 1710 1175 1766 ad
1201 1709 1429 1783 plenum
1457 1707 1697 1776 benigno

908 1793 1052 1848 ruris
1079 1791 1348 1847 honorum
1377 1787 1643 1860 opulenta
1669 1802 1852 1842 cornu

748 1874 840 1931 hic
865 1875 923 1929 in
952 1873 1182 1931 reducta
1209 1871 1354 1928 valle
1385 1867 1681 1926 Caniculae

749 1955 957 2012 vitabis
985 1958 1171 2011 aestus
1197 1958 1257 2009 et
1284 1951 1394 2007 fide
1424 1950 1558 2006 Teia

831 2036 979 2093 dices
1004 2034 1320 2092 laborantes
1346 2033 1407 2088 in
1433 2048 1546 2087 uno

912 2115 1222 2188 Penelopen
1250 2115 1598 2184 vitreamque
1628 2109 1836 2166 Circen.

752 2198 843 2254 hic
870 2197 1176 2254 innocentis
1203 2193 1404 2268 pocula
1430 2192 1621 2249 Lesbii

752 2279 919 2336 duces
946 2278 1053 2336 sub
1078 2276 1276 2333 umbra
1305 2293 1406 2331 nec
1435 2271 1738 2330 Semeleius

833 2377 959 2416 cum
987 2359 1172 2415 Marte
1199 2355 1501 2413 confundet
1529 2354 1850 2427 Thyoneus.

912 2439 1134 2513 proelia,
1167 2456 1267 2495 nec
1293 2441 1509 2494 metues
1536 2439 1860 2506 protervum

752 2526 1010 2595 suspecta
1038 2520 1261 2593 Cyrum,
1295 2536 1365 2575 ne
1394 2517 1539 2573 male
1566 2513 1775 2586 dispari

755 2603 1163 2660 incontinentes
1189 2601 1387 2656 iniciat
1414 2615 1614 2654 manus

834 2689 894 2741 et
919 2682 1136 2740 scindat
1165 2682 1485 2737 haerentem
1513 2694 1768 2734 coronam

914 2763 1159 2820 crinibus
1186 2761 1617 2830 inmeritamque
1644 2761 1871 2813 vestem.

1212 2974 1425 3032 XVIII

508 3086 764 3157 Nullam,
797 3084 960 3156 Vare,
992 3103 1148 3141 sacra
1174 3085 1292 3140 vite
1321 3082 1477 3154 prius
1505 3081 1712 3138 severis
1739 3078 1988 3135 arborem

507 3170 661 3225 circa
686 3168 824 3224 mite
850 3166 1034 3224 solum
1061 3165 1286 3221 Tiburis
1316 3170 1375 3220 et
1404 3162 1625 3219 moenia
1652 3159 1859 3218 Catili:

505 3249 672 3307 siccis
699 3248 885 3305 omnia
909 3264 1042 3303 nam
1068 3246 1209 3303 dura
1236 3245 1374 3302 deus
1406 3243 1705 3315 proposuit,
1739 3256 1915 3311 neque

506 3329 798 3387 mordaces
825 3328 990 3385 aliter
1016 3327 1319 3398 diffugiunt
1345 3322 1764 3381 sollicitudines.

506 3411 643 3484 quis
668 3415 796 3483 post
821 3410 954 3466 vina
979 3426 1206 3481 gravem
1232 3406 1498 3462 militiam
1526 3409 1631 3461 aut
1658 3402 1973 3476 pauperiem
2002 3399 2223 3472 crepat?

508 3492 644 3565 quis
670 3510 782 3549 non
809 3496 868 3548 te
894 3490 1097 3564 potius,
1132 3487 1347 3546 Bacche
1375 3492 1551 3559 pater,
1585 3489 1767 3558 teque,
1801 3483 1999 3538 decens
2026 3480 2252 3537 Venus?

510 3592 577 3630 ac
604 3590 680 3630 ne
706 3572 831 3646 quis
858 3570 1063 3629 modici
1091 3568 1374 3627 transiliat
1403 3584 1638 3624 munera
1664 3564 1867 3633 Liberi,

511 3654 832 3712 Centaurea
857 3657 1049 3710 monet
1077 3669 1202 3708 cum
1229 3648 1492 3722 Lapithis
1519 3648 1644 3704 rixa
1669 3663 1836 3718 super
1862 3662 2012 3701 mero

513 3733 816 3805 debellata,
849 3738 1039 3790 monet
1068 3731 1341 3790 Sithoniis
1369 3748 1480 3786 non
1506 3728 1649 3785 levis
1676 3726 1908 3794 EuhiuS,

2273 279 2334 328 13

2294 1319 2351 1350 10

2305 2529 2363 2576 25

2343 3419 2372 3465 5
