2792 4334
470 317 562 365 134

1184 316 1238 375 Q.
1284 314 1546 365 HORATI
1580 314 1820 366 FLAOCI

1459 501 1546 558 IV

668 627 683 654 ‘
704 624 868 681 Unde
898 629 956 681 et
985 641 1091 696 quo
1120 622 1317 681 Catius
1335 622 1383 679 2⁷
1471 626 1485 652 ‘
1503 642 1611 679 non
1639 627 1725 680 est
1753 622 1889 680 mihi
1918 626 2150 693 tempUS‚
2186 620 2374 676 aventi

702 723 901 778 ponere
928 707 1085 776 signa
1110 705 1266 761 novis
1292 706 1610 776 praeceptis,
1641 704 1827 776 qualia
1852 705 2081 760 vincunt

704 787 1056 861 Pythagoran
1086 786 1367 857 Anytique
1394 804 1556 854 reum!
1576 786 1905 858 doctumque
1935 782 2206 840 Platona.’

670 872 683 898 ‘
703 873 990 941 peccatum
1016 867 1204 936 fateor,
1235 885 1359 923 cum
1388 871 1444 923 te
1471 867 1551 923 sic
1577 872 1820 938 tempore
1845 866 2004 922 laevo

704 949 1097 1021 interpellarim
1121 968 1137 1019 3
1180 948 1275 1004 sed
1304 948 1402 1004 des
1429 949 1646 1004 veniam
1674 948 1865 1018 bonus,
1898 965 2007 1003 oro,

704 1030 901 1103 quodsi
927 1029 1264 1085 interciderit
1292 1029 1398 1085 tibi
1426 1047 1571 1085 nunc
1599 1028 1823 1100 aliquid,
1855 1033 2068 1100 repetes
2093 1044 2237 1096 mox,

705 1113 823 1168 sive
848 1115 936 1167 est
962 1115 1190 1167 naturae
1217 1111 1322 1167 1100
1350 1111 1463 1166 sive
1493 1111 1641 1181 artis&
1675 1110 1845 1165 mirus
1871 1109 2143 1181 utroque!

671 1198 684 1225 ‘
705 1193 839 1265 quin
867 1191 927 1248 id
948 1196 1066 1248 erat
1093 1210 1268 1263 curae,
1303 1210 1411 1263 quo
1438 1196 1600 1264 pacto
1629 1195 1828 1247 cuncta
1854 1195 2111 1261 tenerem,

706 1278 901 1346 utpote
929 1291 1015 1330 res
1041 1278 1232 1330 tenues
1260 1275 1416 1329 tenui
1444 1291 1689 1330 sermone
1717 1274 1998 1343 peractas.’

674 1360 687 1386 ‘
707 1356 806 1412 ede
833 1354 1072 1411 hominis
1097 1372 1311 1425 nomen,
1345 1355 1510 1410 simul
1538 1359 1607 1426 et,
1641 1354 1923 1410 Romanus
1950 1366 2023 1408 an
2049 1351 2281 1423 hospes,²

674 1438 828 1509 ‘ipsa
851 1453 1061 1492 memor
1086 1440 1375 1508 praecepta
1403 1455 1608 1508 canam,
1641 1435 1908 1491 celabitur
1937 1439 2140 1491 auctor.

705 1518 869 1590 longa
896 1517 1094 1589 quibus
1120 1517 1285 1574 facies
1314 1519 1431 1573 ovis
1459 1518 1580 1588 erit,
1612 1516 1710 1572 illa
1735 1520 2026 1586 mement0‚

706 1604 776 1655 ut
801 1599 919 1655 suci
946 1598 1183 1654 melioris
1211 1603 1268 1654 et
1294 1602 1361 1654 ut
1383 1599 1556 1669 magis
1584 1597 1712 1653 alba
1738 1597 2003 1667 rotundiS‚

707 1698 906 1753 ponere
928 1699 948 1751 3
988 1698 1222 1751 namque
1250 1697 1456 1736 marem
1485 1679 1744 1735 cohibent
1772 1677 1970 1734 callosa
1997 1675 2266 1733 vitellum.

708 1762 823 1818 cole
849 1761 1163 1818 suburbano
1191 1762 1285 1833 qui
1315 1761 1471 1817 siccis
1501 1760 1674 1816 crevit
1700 1760 1759 1814 in
1787 1759 1933 1830 agris

708 1842 956 1914 dulcior3
996 1843 1209 1914 inriguo
1238 1842 1377 1897 nihil
1406 1846 1489 1898 est
1519 1840 1720 1898 elutius
1748 1840 1920 1897 horto,

709 1925 761 1980 si
786 1924 1127 1995 vespertinus
1155 1924 1339 1980 subito
1369 1927 1424 1979 te
1451 1922 1779 1995 oppresserit
1806 1921 2017 1992 hospeS,

709 2023 780 2061 ne
804 2004 1010 2077 gallina
1035 2004 1243 2061 malum
1270 2010 1552 2077 responset
1579 2003 1716 2059 dura
1743 2002 1942 2074 palato,

709 2087 905 2143 doctus
932 2086 1037 2142 eris
1061 2087 1247 2142 vivam
1276 2090 1459 2141 musto
1487 2102 1723 2141 mersare
1754 2083 1983 2139 Falerno
2003 2103 2020 2153 3

711 2167 814 2223 hoc
840 2171 1085 2223 teneram
1112 2167 1290 2223 faciet.
1380 2165 1728 2239 pratensibus
1757 2166 1965 2237 optima
1992 2164 2176 2235 fungis

711 2253 912 2305 natura
939 2252 1059 2322 est3
1098 2249 1222 2304 aliis
1248 2248 1392 2304 male
1421 2248 1673 2304 creditur.
1760 2246 1853 2302 ille
1880 2245 2128 2302 salubres

710 2334 951 2387 aestates
977 2334 1214 2402 peraget,
1248 2329 1346 2401 qui
1372 2329 1544 2401 nigris
1570 2327 1802 2401 prandia
1826 2327 1995 2383 moris

710 2411 882 2482 finiet,
914 2416 1042 2468 ante
1069 2429 1292 2483 gravem
1321 2428 1459 2482 quae
1487 2410 1681 2482 legerit
1709 2409 1897 2465 arbore
1924 2407 2109 2465 solem.

711 2491 968 2548 Aufidius
994 2492 1125 2548 forti
1151 2492 1415 2549 miscebat
1441 2491 1609 2548 mella
1637 2490 1880 2562 FalernO,

711 2574 969 2631 mendose
989 2593 1005 2645 3
1045 2575 1303 2645 quoniam
1331 2574 1520 2630 vacuis
1548 2572 1887 2629 committere
1914 2571 2071 2627 venis

712 2655 795 2711 nil
819 2655 928 2711 nisi
954 2654 1074 2711 lene
1102 2655 1257 2711 decet
1275 2675 1293 2727 3
1336 2655 1445 2712 leni
1472 2653 1787 2727 praecordia
1812 2651 1991 2708 mulso

711 2733 978 2809 prolueris
1005 2736 1214 2793 melius,
1301 2737 1351 2792 si
1378 2736 1515 2792 dura
1540 2734 1845 2792 morabitur
1871 2734 2045 2804 alvus,

712 2818 944 2873 mitulus
973 2821 1029 2873 et
1055 2817 1191 2874 viles
1217 2816 1425 2889 pellent
1452 2817 1732 2873 obstantia
1758 2814 1991 2872 conchae

712 2904 773 2955 et
797 2898 1011 2971 lapathi
1037 2898 1217 2955 brevis
1245 2898 1429 2967 herba,
1457 2899 1553 2954 sed
1581 2898 1707 2954 albo
1734 2916 1843 2953 non
1870 2898 1987 2953 sine
2017 2895 2144 2953 000.

712 2979 925 3036 lubrica
951 2984 1233 3036 nascentes
1261 2979 1477 3052 inplent
1505 2979 1787 3051 conchylia
1812 2978 2012 3048 lunae3

714 3061 811 3118 sed
836 3080 948 3118 non
976 3079 1133 3117 omne
1160 3079 1308 3117 mare
1337 3065 1420 3117 est
1447 3078 1737 3132 generosae
1762 3058 1945 3115 fertile
1973 3062 2178 3114 testae:

714 3143 921 3199 murice
949 3142 1154 3198 Baiano
1181 3142 1373 3198 melior
1400 3141 1637 3197 Lucrina
1662 3139 1874 3213 pelori8‚

716 3228 897 3281 ostrea
926 3224 1164 3294 Circeiis,
1199 3224 1415 3280 Miseno
1442 3223 1696 3278 oriuntur
1723 3221 1917 3292 echini,

714 3305 1026 3377 pectinibus
1054 3305 1258 3378 patulis
1285 3305 1457 3360 iactat
1484 3322 1544 3360 se
1570 3303 1736 3359 molle
1766 3303 2078 3358 Tarentum.

714 3404 815 3443 nec
841 3387 949 3444 sibi
977 3405 1229 3443 cenarum
1257 3386 1438 3457 quivis
1466 3388 1672 3440 temere
1701 3387 1915 3454 arroget
1941 3387 2135 3452 artem,

716 3485 826 3524 non
852 3469 1006 3540 prius
1034 3473 1224 3531 exacta
1249 3467 1405 3523 tenui
1431 3466 1642 3521 ratione
1670 3482 1941 3537 saporum.

716 3567 816 3605 nec
842 3551 981 3606 satis
1009 3555 1091 3606 est
1119 3567 1243 3606 cara
1268 3549 1443 3619 pisces
1471 3564 1719 3605 averrere
1747 3563 1935 3601 mensa

715 3630 970 3702 ignarum
997 3631 1195 3703 quibus
1223 3634 1308 3685 est
1336 3629 1422 3684 ius
1448 3628 1633 3699 aptius
1661 3631 1719 3683 et
1747 3627 1947 3698 quibus
1975 3627 2112 3682 assis

715 3711 1011 3784 languidus
1030 3712 1082 3766 in
1115 3711 1365 3767 cubitum
1392 3710 1503 3764 iam
1533 3727 1590 3764 se
1618 3709 1849 3764 conviva
1875 3711 2115 3779 reponet.

722 3792 935 3850 Umber
963 3797 1020 3850 et
1046 3793 1219 3864 iligna
1245 3791 1491 3848 nutritus
1520 3790 1718 3862 glande
1745 3789 2009 3846 rotundas

2495 1374 2548 1405 10

2493 2186 2552 2217 20

2497 2998 2556 3041 30

2497 3400 2556 3447 35

2497 3809 2556 3854 40
