2792 4334
417 279 513 328 142
1140 283 1197 343 Q.
1235 282 1499 333 HORATI
1536 282 1777 336 FLAGGI

575 411 830 469 contudit
856 411 1133 484 articulOS,
1167 413 1262 485 qui
1289 430 1386 484 pro
1415 430 1473 468 se
1499 412 1718 469 tolleret
1747 417 1912 485 atque

575 493 826 551 mitteret
852 495 910 551 in
937 494 1188 567 phimum
1217 493 1373 563 talos
1406 494 1649 550 mercede
1677 494 1873 550 diurna

575 575 907 632 conductum
934 576 1124 647 pavit:
1169 579 1376 646 quanto
1404 577 1740 632 constantior
1766 576 1941 634 isdem

574 656 632 712 in
660 657 831 728 vitiis,
863 661 1023 713 tanto
1047 656 1225 712 levius
1250 656 1416 711 miser
1442 674 1505 711 ac
1531 657 1679 727 prior
1704 657 1816 731 illo,

574 739 670 811 qui
697 739 810 795 iam
836 742 1107 807 content0,
1140 737 1251 792 iam
1279 736 1404 792 laxo
1431 737 1560 794 fune
1587 737 1836 795 laborat.'

540 822 684 876 ‘non
713 821 858 877 dices
888 819 1048 875 hodie
1074 836 1334 890 quorsum
1361 817 1494 874 haec
1521 823 1639 875 tam
1665 821 1861 892 putida
1889 821 2135 892 tendant,

573 901 861 959 furcifer‘l'
950 903 964 929 ‘
985 899 1054 955 ad
1081 905 1153 970 te,
1186 900 1446 970 inquam.'
1533 903 1546 929 ‘
1563 919 1672 972 quo
1699 908 1874 973 pact0,
1906 903 2139 974 pessime
2156 902 2176 959 2
2195 902 2208 928 '

574 982 855 1040 fortunam
883 986 941 1038 et
969 999 1145 1036 mores
1173 981 1434 1052 antiquae
1461 981 1653 1053 plebis,
1686 988 1744 1039 et
1771 983 1934 1053 idem,

574 1064 622 1121 si
650 1065 774 1136 quis
802 1063 870 1119 ad
899 1062 998 1118 illa
1024 1062 1156 1118 deus
1185 1061 1369 1118 subito
1398 1068 1455 1118 te
1484 1069 1628 1134 agat,
1661 1082 1833 1136 usque
1860 1082 2088 1137 recuses,

573 1149 674 1201 aut
703 1145 833 1217 quia
858 1161 968 1199 non
997 1143 1183 1214 sentis,
1217 1144 1363 1215 quod
1393 1144 1595 1200 clamas
1622 1146 1824 1201 rectius
1852 1164 1984 1217 esse,

574 1230 676 1283 aut
704 1227 833 1298 quia
858 1243 969 1281 non
997 1225 1185 1281 firmus
1213 1231 1425 1282 rectum
1454 1226 1700 1282 defendis
1728 1231 1786 1283 et
1811 1226 2002 1284 haeres

575 1309 907 1379 nequiquam
936 1324 1100 1363 caeno
1128 1307 1351 1378 cupiens
1380 1307 1612 1363 evellere
1637 1307 1902 1380 plantam.

576 1388 784 1445 Romae
811 1405 904 1444 rus
932 1392 1090 1459 optas
1111 1409 1129 1460 3
1171 1388 1456 1445 absentem
1484 1390 1721 1445 rusticus
1749 1390 1940 1446 urbem

575 1469 725 1526 tollis
751 1469 823 1526 ad
849 1474 1002 1525 astra
1027 1468 1178 1525 levis
1264 1470 1312 1525 si
1340 1488 1612 1541 nusquam
1640 1488 1698 1526 es
1724 1471 1866 1527 forte
1893 1476 2122 1528 vocatus

574 1551 646 1607 ad
673 1568 877 1623 cenam,
909 1549 1102 1606 laudas
1130 1568 1380 1606 securum
1411 1550 1569 1606 holus
1597 1569 1662 1607 ac
1687 1551 1841 1609 velut
1869 1570 2103 1625 usquam

572 1632 795 1688 vinctus
823 1650 931 1704 eas,
960 1632 1045 1688 ita
1071 1636 1125 1687 te
1155 1631 1369 1687 felicem
1398 1631 1534 1687 dicis
1563 1650 1822 1705 amasque

573 1713 721 1786 quod
748 1731 1020 1785 nusquam
1047 1713 1153 1768 tibi
1181 1714 1255 1768 sit
1280 1713 1601 1785 potandum.
1688 1714 1905 1771 iusserit
1933 1715 2005 1772 ad
2031 1733 2090 1772 se

575 1794 864 1851 Maecenas
892 1812 1074 1850 serum
1101 1795 1204 1851 sub
1233 1792 1447 1850 lumina
1474 1794 1651 1866 prima
1675 1796 1861 1852 venire

573 1876 861 1932 convivam
886 1896 899 1932 :
948 1877 984 1904 “
999 1893 1196 1931 nemon
1225 1875 1406 1930 oleum
1434 1875 1545 1931 fert
1573 1876 1720 1932 ocius
1744 1875 1764 1933 ’ἒ
1843 1878 2029 1949 ecquis

573 1956 732 2013 audit
749 1956 770 2013 ‘3
790 1956 819 1982 ''
861 1974 988 2011 cum
1014 1973 1211 2028 magno
1239 1956 1480 2011 blateras
1508 1956 1742 2012 clamore
1767 1957 2037 2029 fugisque.

573 2037 826 2093 Mulvius
852 2042 909 2093 et
936 2054 1168 2107 scurrae,
1200 2037 1307 2092 tibi
1334 2055 1445 2092 non
1473 2037 1756 2093 referenda
1782 2041 2006 2111 precati,

571 2118 875 2176 discedunt.
969 2118 1229 2174 “etenim
1257 2118 1436 2174 fateor
1462 2118 1602 2189 me,''
1630 2119 1832 2175 dixerit
1858 2119 1971 2193 ille,

513 2202 548 2231 “
576 2200 705 2256 duci
730 2204 923 2256 ventre
950 2198 1144 2269 levem,
1177 2217 1375 2254 nasum
1404 2199 1591 2255 nidore
1618 2200 1856 2272 supinor,

571 2280 876 2351 inbecillus
907 2281 1067 2352 iners,
1099 2280 1149 2336 si
1177 2280 1310 2352 quid
1339 2281 1439 2351 viS,
1473 2281 1627 2352 adde,
1658 2282 1873 2353 popin0.

572 2367 640 2419 tu
667 2380 793 2419 cum
820 2362 895 2418 sis
922 2362 1070 2434 quod
1097 2379 1197 2433 ego
1227 2367 1284 2418 et
1313 2361 1561 2417 fortassis
1588 2363 1830 2434 nequior,
1861 2363 2011 2421 ultro

572 2445 835 2500 insectere
863 2443 1020 2500 velut
1046 2443 1250 2514 melior,
1285 2443 1574 2515 verbisque
1603 2443 1808 2515 decoris

573 2524 835 2581 obvolvas
863 2525 1064 2580 vitium
1085 2524 1151 2582 ‘3²’
1237 2524 1386 2596 quid,
1423 2525 1469 2580 si
1496 2542 1584 2581 me
1612 2524 1836 2582 stultior
1861 2527 1981 2598 ipso

572 2606 888 2679 quingentis
915 2609 1101 2677 empto
1131 2605 1406 2661 drachmis
1435 2605 1823 2678 deprenderis‘l
1901 2608 2056 2664 aufer

572 2705 662 2743 me
689 2687 853 2743 vultu
879 2692 1116 2757 terrere3
1159 2704 1385 2742 manum
1415 2687 1865 2760 stomachumque
1894 2693 2097 2759 tenet0,

573 2762 723 2840 dum,
754 2786 893 2840 quae
921 2767 1161 2839 Crispini
1189 2767 1375 2824 docuit
1403 2786 1490 2824 me
1518 2769 1734 2839 ianitor,
1763 2769 1878 2826 edo,

2448 765 2505 796 20

2255 905 2269 931 ‘
2284 902 2477 960 laudas

2448 1170 2504 1216 25

2449 1579 2508 1623 30

2448 1982 2505 2028 35

2448 2390 2507 2433 40

2447 2797 2503 2841 45

514 2851 546 2880 “
572 2867 684 2906 11611
712 2867 835 2905 sum
856 2848 1112 2905 moechus
1132 2849 1162 2874 ''
1191 2849 1287 2905 ais,
1370 2867 1546 2920 neque
1575 2867 1689 2921 eg0‚
1721 2849 1956 2921 hercule,
1988 2851 2091 2923 fur,
2123 2852 2225 2910 ubi
2251 2870 2385 2910 vasa

572 2934 853 3003 praetereo
879 2930 1095 3002 sapiens
1125 2933 1384 3001 argentea
1403 2949 1420 3000 3
1463 2929 1595 2986 tolle
1622 2931 1902 3003 periclum,

573 3012 685 3068 iam
713 3029 852 3083 vaga
880 3010 1125 3084 prosiliet
1153 3010 1323 3066 frenis
1350 3015 1550 3066 natura
1575 3013 1815 3069 remotis.

573 3098 708 3149 tune
735 3093 873 3149 mihi
900 3093 1169 3163 dominus,
1202 3109 1381 3147 rerum
1410 3092 1651 3163 imperiis
1679 3093 2071 3165 hominumque

574 3178 661 3230 tot
689 3175 971 3246 tantisque
999 3175 1189 3244 minor,
1225 3190 1387 3244 quem
1415 3176 1502 3228 ter
1528 3173 1774 3230 vindicta
1801 3179 2102 3250 quaterque

572 3254 815 3327 inposita
841 3255 992 3312 haud
1022 3272 1280 3326 umquam
1309 3253 1508 3309 misera
1534 3253 1826 3311 formidine
1854 3256 2072 3327 privet‘l

574 3335 716 3392 adde
745 3355 919 3409 super,
954 3337 1116 3394 dictis
1146 3334 1292 3408 quod
1321 3352 1430 3389 non
1456 3332 1632 3391 levius
1659 3335 1877 3393 valeat:
1920 3354 2063 3408 nam,

576 3417 693 3473 sive
719 3418 954 3474 vicarius
984 3423 1067 3475 est
1095 3417 1191 3489 qui
1218 3433 1374 3472 servo
1402 3420 1572 3486 paret,
1603 3417 1688 3472 uti
1715 3434 1833 3472 mos

576 3502 760 3554 vester
786 3500 879 3571 ait,
913 3518 1011 3556 seu
1038 3515 1360 3555 conservus:
1403 3495 1508 3552 tibi
1535 3496 1668 3568 quid
1695 3515 1818 3554 sum
1844 3499 1983 3570 ego‘l
2059 3517 2258 3574 nempe

577 3582 659 3650 tu,
690 3579 829 3636 mihi
855 3582 951 3652 qui
981 3580 1277 3652 imperitas,
1309 3577 1405 3633 alii
1432 3578 1602 3633 servis
1629 3578 1794 3635 miser
1819 3584 1988 3651 atque

577 3660 806 3731 duceris,
838 3666 905 3717 ut
931 3663 1113 3717 nervis
1141 3660 1335 3717 alienis
1363 3657 1564 3715 mobile
1592 3658 1819 3730 lignum.

579 3741 832 3813 quisnam
858 3742 1032 3815 igitur
1057 3742 1237 3801 liber?
1318 3740 1548 3813 sapiens,
1582 3740 1794 3814 sibique
1822 3742 2156 3816 imperiosus,

2447 3119 2502 3165 75
