2792 4334
444 319 537 368 154

1148 299 1225 379 Q.
1262 318 1522 371 HoRATI
1558 319 1798 371 FLAccr

602 451 813 511 ludicra
838 453 988 528 quid,
1022 453 1244 526 plausus
1272 456 1328 510 et
1356 452 1518 521 amici
1545 453 1690 510 dona
1719 453 1985 524 Quiritis2

604 553 711 607 quo
739 535 1038 609 spectanda
1062 535 1239 605 mod0‚
1272 551 1380 607 quo
1408 552 1570 592 sensu
1596 536 1773 593 credis
1800 540 1858 592 et
1885 534 2013 592 ore?

603 618 697 691 qui
725 619 887 675 timet
914 617 1003 674 his
1018 617 1272 687 adversa,
1304 616 1419 672 fere
1444 618 1677 674 miratur
1704 618 1893 675 eodem

604 717 711 771 quo
740 700 959 772 cupiens
988 704 1148 770 pacto
1171 719 1184 755 τ
1226 715 1398 769 pavor
1426 704 1509 755 est
1536 699 1829 773 utrobique
1856 697 2135 767 molestuS,

603 780 879 854 inprovisa
906 779 1073 836 simul
1098 780 1302 851 species
1330 783 1571 837 exterret
1598 785 1907 852 utrumque.

602 862 840 934 gaudeat
866 880 939 918 an
965 860 1164 931 doleat,
1198 861 1385 933 cupiat
1413 866 1712 934 metuatne‚
1744 862 1881 935 quid
1906 862 1976 919 ad
2003 879 2135 931 rem,

604 945 668 1016 si,
699 942 968 1017 quidquid
997 941 1138 998 vidit
1166 941 1360 998 melius
1389 942 1611 1014 peiusve
1640 961 1741 1000 sua
1765 962 1875 1016 spe,

603 1024 798 1082 defixis
825 1023 995 1081 oculis
1023 1025 1310 1095 animoque
1338 1029 1397 1080 et
1425 1042 1642 1097 corpore
1671 1025 1889 1097 torpet‘l

604 1105 786 1163 insani
811 1106 1030 1178 sapiens
1057 1124 1254 1162 nomen
1281 1106 1441 1177 ferat,
1474 1124 1679 1179 aequus
1707 1106 1897 1178 iniqui,

604 1188 755 1245 ultra
781 1205 946 1260 quam
973 1188 1108 1243 satis
1136 1192 1223 1244 est
1250 1188 1516 1244 virtutem
1543 1189 1590 1244 si
1617 1192 1773 1260 petat
1797 1188 1990 1260 ipsam.

605 1270 627 1326 i
654 1287 812 1340 nunc,
843 1273 1132 1340 argentum
1161 1274 1219 1325 et
1246 1287 1485 1325 marmor
1511 1273 1674 1326 vetus
1702 1287 1932 1341 aeraque
1960 1274 2018 1326 et
2047 1271 2195 1325 artes

604 1352 833 1423 suspice,
864 1368 992 1406 cum
1020 1351 1250 1421 gemmis
1278 1351 1471 1423 Tyrios
1497 1351 1696 1408 mirare
1724 1351 1925 1408 colores
1945 1370 1961 1422 3

604 1431 783 1504 gaude
810 1431 954 1504 quod
982 1436 1234 1502 spectant
1262 1431 1405 1488 oculi
1432 1437 1488 1488 te
1515 1432 1667 1489 mille
1693 1432 2005 1503 loquentem
2025 1451 2044 1502 3

606 1531 782 1570 navus
808 1530 966 1568 mane
996 1512 1173 1568 forum
1203 1516 1260 1569 et
1286 1514 1629 1585 vespertinus
1656 1518 1782 1585 pete
1809 1518 2035 1583 tectum,

607 1612 674 1651 ne
701 1594 826 1667 plus
852 1593 1118 1650 frumenti
1145 1593 1425 1650 dotalibus
1453 1599 1658 1651 emetat
1686 1595 1831 1666 agris

607 1675 804 1732 Mutus
830 1674 1272 1746 et—indignum,
1304 1675 1452 1747 quod
1479 1676 1552 1731 sit
1578 1675 1854 1747 peioribus
1882 1679 2117 1731 ortus—-

606 1755 695 1813 hic
722 1755 828 1813 tibi
853 1757 928 1813 sit
955 1757 1139 1828 potius
1168 1774 1333 1827 quam
1362 1761 1428 1811 tu
1455 1755 1721 1813 mirabilis
1747 1756 1847 1813 1111.

606 1837 874 1910 quidquid
901 1836 1007 1894 sub
1036 1841 1182 1894 terra
1209 1843 1307 1909 est,
1339 1838 1400 1892 in
1427 1838 1672 1909 apricum
1700 1838 1936 1910 proferet
1963 1841 2132 1908 aetas,

606 1919 847 1976 defodiet
872 1917 1177 1992 condetque
1205 1917 1455 1975 nitentia.
1541 1936 1666 1975 cum
1693 1919 1829 1976 bene
1856 1923 2053 1975 notum

606 2000 846 2072 porticus
873 1999 1150 2072 Agrippae
1179 2003 1238 2056 et
1266 2000 1357 2056 via
1383 2004 1443 2055 te
1470 2001 1809 2072 conspexerit
1837 1999 2001 2072 Appi,

607 2082 685 2138 ire
713 2085 900 2138 tamen
925 2084 1114 2152 restat,
1150 2080 1339 2137 Numa
1366 2099 1475 2153 quo
1503 2081 1726 2138 devenit
1753 2086 1810 2137 et
1837 2080 2041 2138 Ancus.

608 2163 657 2219 si
681 2162 831 2219 latus
857 2166 956 2219 aut
985 2179 1138 2218 renes
1168 2163 1356 2219 morbo
1385 2166 1732 2235 temptantur
1757 2166 1932 2234 acut0,

609 2261 807 2316 quaere
834 2243 1025 2316 fugam
1052 2243 1244 2299 morbi.
1328 2244 1416 2300 vis
1444 2248 1588 2300 recte
1615 2244 1800 2300 vivere
1822 2265 1834 2300 :
1878 2243 2004 2315 quis
2032 2243 2181 2301 non?

607 2326 657 2382 si
682 2325 859 2382 virtus
888 2323 991 2380 hoc
1020 2342 1128 2380 una
1155 2328 1338 2396 potest
1367 2324 1510 2396 dare,
1542 2324 1701 2381 fortis
1728 2324 1942 2382 omissis

609 2405 711 2463 hoc
739 2423 836 2478 age
863 2405 1087 2464 deliciis.
1172 2405 1444 2462 virtutem
1470 2404 1638 2463 verba
1664 2410 1827 2477 putas
1855 2410 1912 2462 et

608 2486 796 2544 lucum
820 2486 972 2559 ligna
995 2508 1007 2544 :
1050 2505 1180 2543 cave
1208 2504 1277 2543 ne
1305 2491 1497 2559 portus
1525 2492 1751 2559 occupet
1779 2487 1933 2559 alter,

609 2587 678 2626 ne
706 2567 1036 2640 Cibyratica,
1068 2587 1136 2625 ne
1166 2568 1414 2640 Bithyna
1441 2568 1660 2641 negotia
1688 2568 1880 2641 perdas
1902 2591 1917 2641 3

609 2649 761 2706 mille
789 2649 1001 2706 talenta
1028 2649 1408 2721 rotundentur,
1443 2650 1674 2706 totidem
1703 2649 1889 2721 altera,
1921 2666 2082 2722 porro
2108 2654 2167 2706 et

609 2731 777 2788 tertia
802 2730 1095 2787 succedant
1123 2734 1181 2786 et
1210 2748 1347 2802 quae
1375 2748 1503 2802 pars
1530 2731 1765 2803 quadrat
1792 2748 2061 2787 acervum.

609 2811 816 2869 scilicet
841 2829 1068 2868 uxorem
1094 2828 1219 2867 cum
1242 2811 1371 2867 dote
1399 2811 1672 2884 fidemque
1701 2818 1757 2869 et
1784 2811 1987 2868 amicos

610 2897 667 2951 et
692 2911 864 2965 genus
893 2897 949 2949 et
979 2893 1211 2948 formam
1238 2893 1426 2964 regina
1455 2892 1693 2950 Pecunia
1720 2894 1901 2964 donat,
1994 2888 1995 2891 ’

503 3020 507 3026 .
610 2993 673 3031 ac
699 2975 836 3031 bene
864 2978 1215 3030 nummatum
1242 2973 1464 3030 decorat
1493 2974 1730 3031 Suadela
1757 2974 2068 3046 Venusque.

612 3057 915 3127 mancupiis
940 3055 1181 3127 locuples
1209 3060 1332 3126 eget
1361 3054 1500 3111 aeris
1530 3054 1914 3126 Cappadocum
1940 3072 2072 3112 rex:

611 3154 679 3193 ne
706 3136 873 3199 fueris
900 3136 991 3192 hic
1020 3140 1096 3193 tu,
1186 3135 1500 3206 chlamydes
1528 3136 1805 3207 LucuIIUS‚
1838 3140 1903 3191 ut
1930 3137 2104 3208 aiunt,

610 3219 659 3274 si
684 3222 867 3290 posset
897 3222 1116 3274 centum
1145 3235 1370 3273 scaenae
1399 3217 1655 3288 praebere
1683 3221 1922 3289 rogatus,

577 3300 593 3327 ‘
612 3300 707 3371 qui
734 3317 955 3371 possum
985 3303 1070 3355 tot
1087 3299 1106 3356 1
1123 3299 1136 3324 '
1167 3299 1247 3354 ait
1271 3319 1283 3369 ;
1329 3302 1342 3328 ‘
1362 3302 1546 3355 tamen
1575 3302 1633 3354 et
1661 3316 1933 3371 quaeram,
1967 3303 2024 3355 et
2054 3304 2188 3371 quot
2215 3299 2429 3357 habebo

611 3381 868 3437 mittam.'
950 3386 1077 3452 post
1103 3379 1269 3452 paulo
1295 3379 1492 3436 scribit
1518 3379 1625 3435 sibi
1653 3380 1808 3435 milia
1835 3381 2075 3451 quinque

613 3479 728 3518 esse
757 3461 904 3518 domi
932 3461 1284 3532 chlamydum
1304 3482 1320 3534 3
1361 3464 1575 3532 partem
1604 3459 1694 3516 vel
1722 3459 1939 3517 tolleret
1965 3478 2168 3519 omnes.

614 3542 773 3598 exilis
800 3542 992 3599 domus
1021 3548 1103 3599 est
1131 3542 1230 3598 ubi
1257 3560 1365 3598 non
1394 3546 1451 3597 et
1477 3541 1656 3597 multa
1683 3547 1975 3613 supersunt

613 3628 669 3680 et
697 3623 977 3679 dominum
1009 3624 1211 3680 fallunt
1239 3628 1295 3680 et
1321 3627 1553 3695 prosunt
1580 3623 1807 3679 furibus,
1897 3642 2023 3695 ergo

615 3705 662 3760 si
687 3722 776 3761 res
803 3705 917 3761 sola
943 3709 1127 3777 potest
1155 3705 1330 3762 facere
1359 3708 1418 3760 et
1445 3721 1660 3760 servare
1687 3704 1927 3778 beatum,

620 3787 725 3843 hoc
752 3787 958 3858 primus
987 3792 1202 3860 repetas
1231 3805 1381 3859 opuS‚
1415 3785 1515 3842 hoc
1541 3790 1851 3857 postremus
1878 3789 2117 3844 omittas.

2469 720 2522 749 10

2468 1533 2525 1563 20

2472 2346 2533 2391 30

2471 2752 2527 2799 35

2470 3162 2529 3203 40

2474 3563 2530 3609 45
