2792 4334
424 284 516 337 174

1142 287 1198 348 Q.
1236 287 1496 337 HORATI
1536 287 1774 340 FLACCI

663 423 938 481 Pacuvius
967 424 1115 480 docti
1142 423 1345 480 famam
1373 424 1534 495 senis,
1565 423 1767 481 Accius
1795 424 1910 496 alti,

663 506 868 563 dicitur
892 505 1093 563 Afrani
1120 510 1249 576 toga
1276 505 1591 562 convenisse
1620 506 1940 577 MenandrO,

664 587 900 644 Plautus
928 588 1001 644 ad
1029 586 1304 658 exemplar
1333 584 1505 642 Siculi
1531 605 1820 660 properare
1848 587 2181 660 Epicharmi,

664 670 881 726 vincere
912 668 1180 726 Caecilius
1207 668 1498 740 gravitate,
1532 669 1822 725 Terentius
1849 673 1980 727 arte.

664 751 767 807 hos
794 750 987 807 ediscit
1016 754 1072 805 et
1099 748 1200 804 hos
1228 753 1348 804 arto
1377 750 1585 820 stipata
1611 751 1832 807 theatro

666 836 882 905 spectat
911 831 1088 887 Roma
1115 835 1324 902 potenS,
1358 830 1527 887 habet
1554 831 1653 888 hos
1680 837 2042 905 numeratque
2070 835 2262 905 poetas

663 914 738 970 ad
766 918 1014 969 nostrum
1041 917 1258 984 tempus
1285 911 1415 967 Livi
1442 914 1720 984 scriptoris
1749 914 1821 971 ab
1848 932 1996 971 aeVO.

663 994 942 1051 interdum
970 993 1169 1065 vulgus
1197 997 1410 1049 rectum
1436 994 1591 1050 videt
1610 1016 1627 1067 3
1667 998 1754 1051 est
1782 995 1879 1051 ubi
1905 999 2105 1067 peccat.

666 1077 716 1133 si
744 1081 955 1132 veteres
983 1076 1066 1131 ita
1092 1076 1327 1131 miratur
1352 1075 1653 1148 laudatque
1681 1080 1871 1148 poetas

663 1162 732 1213 ut
760 1156 899 1213 nihil
924 1156 1210 1225 anteferat,
1241 1156 1382 1212 nihil
1409 1156 1519 1213 illis
1549 1162 1840 1229 comparet,
1871 1163 2017 1214 errat
2040 1180 2056 1230 3

665 1239 715 1295 si
743 1238 1013 1311 quaedam
1040 1238 1204 1294 nimis
1232 1239 1475 1311 antique,
1507 1239 1556 1294 si
1582 1239 1841 1311 pleraque
1868 1239 2000 1296 dure

665 1320 844 1376 dicere
871 1319 1046 1376 credit
1073 1338 1178 1390 606,
1211 1319 1408 1391 ignave
1436 1319 1615 1377 multa
1641 1321 1864 1391 fatetur,

666 1407 727 1458 et
755 1402 899 1473 sapit
926 1405 985 1457 et
1011 1419 1224 1457 1116611111
1253 1401 1388 1457 facit
1418 1406 1475 1457 et
1503 1402 1636 1458 Iove
1663 1402 1873 1458 iudicat
1899 1419 2085 1474 aequ0.

659 1501 781 1542 ,11011
801 1483 1055 1554 equidem
1082 1483 1319 1538 insector
1345 1482 1647 1539 delendave
1674 1484 1915 1539 carmina
1940 1483 2069 1539 Livi

668 1582 789 1621 esse
815 1582 948 1634 reor,
982 1563 1206 1619 memini
1236 1581 1373 1634 quac
1402 1563 1687 1635 plagosum
1714 1564 1853 1620 mihi
1879 1582 2049 1637 parvo

669 1645 945 1703 Orbilium
975 1646 1181 1701 dictare
1201 1665 1218 1717 3
1259 1645 1352 1700 sed
1382 1645 1673 1701 emendata
1699 1645 1876 1702 videri

667 1726 1002 1799 pulchraque
1031 1730 1089 1783 et
1116 1727 1323 1782 exactis
1350 1727 1641 1782 minimum
1668 1727 1937 1783 distantia
1964 1728 2143 1783 miror.

665 1810 815 1865 inter
840 1826 979 1880 quae
1007 1808 1236 1864 verbum
1264 1808 1489 1863 emicuit
1517 1809 1564 1863 si
1591 1808 1732 1864 forte
1761 1808 2030 1878 decorum,

667 1890 717 1946 si
746 1908 933 1947 versus
961 1889 1126 1962 paulo
1154 1890 1469 1945 concinnior
1493 1907 1636 1945 unus
1664 1894 1721 1945 ct
1748 1889 1904 1960 alter,

665 1972 871 2028 iniuste
899 1976 1082 2028 totum
1108 1970 1261 2026 ducit
1286 1970 1586 2042 venditque
1612 1989 1822 2043 poema.

666 2052 923 2124 indignor
949 2052 1241 2123 quicquam
1268 2051 1608 2123 reprehendi,
1639 2070 1749 2107 non
1778 2053 1907 2124 quia
1933 2070 2110 2110 crasse

668 2133 1033 2206 compositum
1058 2133 1365 2205 inlepideve
1392 2137 1634 2205 putetur,
1666 2133 1760 2190 sed
1790 2135 1920 2206 quia
1945 2152 2132 2206 nuper,

667 2232 771 2271 nec
797 2215 1015 2271 veniam
1042 2215 1301 2286 antiquis,
1335 2214 1432 2270 sed
1460 2214 1721 2271 honorem
1748 2220 1806 2271 et
1835 2216 2076 2287 praemia
2101 2216 2267 2288 posci.

666 2300 815 2353 recte
841 2313 1008 2352 necne
1038 2314 1253 2352 crocum
1279 2295 1547 2367 floresque
1574 2295 1916 2368 perambulet
1943 2296 2117 2354 Attae

666 2376 858 2435 fabula
883 2378 930 2434 si
957 2377 1225 2447 dubitem,
1258 2376 1496 2433 clament
1524 2378 1746 2449 periisse
1774 2377 2037 2449 pudorem

668 2459 854 2515 cuncti
880 2476 1052 2531 paene
1078 2464 1276 2531 patres,
1309 2477 1374 2515 ea
1402 2476 1525 2514 cum
1554 2459 1943 2531 reprehendere
1972 2477 2145 2529 coner,

668 2557 812 2612 quae
837 2541 1022 2612 gravis
1049 2540 1311 2612 AesopUS,
1346 2558 1487 2613 quae
1515 2541 1707 2596 doctus
1736 2540 1967 2597 Roscius
1995 2541 2142 2613 egit:

666 2621 761 2678 vel
788 2621 917 2694 quia
942 2621 1023 2677 nil
1048 2626 1272 2693 rectum,
1304 2622 1414 2677 nisi
1441 2622 1586 2694 quod
1615 2621 1824 2695 placuit
1852 2621 1972 2691 sibi,
2002 2622 2230 2694 ducunt,

667 2702 762 2759 vel
789 2704 918 2775 quia
944 2707 1105 2775 turpe
1133 2707 1335 2775 putant
1362 2721 1550 2774 parere
1578 2703 1896 2774 minoribus,
1927 2708 1985 2760 et
2011 2721 2152 2776 quae

667 2784 884 2841 inberbi
910 2784 1161 2854 didicere,
1194 2801 1347 2840 senes
1376 2784 1651 2856 perdenda
1676 2785 1857 2842 fateri.

668 2866 784 2922 iam
811 2865 1018 2922 Saliare
1048 2865 1264 2921 Numae
1291 2882 1510 2921 carmen
1539 2866 1634 2937 qui
1661 2866 1856 2923 laudat
1883 2871 1937 2923 et
1964 2866 2120 2938 illud,

667 2946 818 3019 quod
843 2964 1058 3003 mecum
1086 2947 1317 3018 ignorat,
1350 2945 1500 3002 solus
1526 2946 1652 3003 vult
1679 2948 1816 3004 scire
1844 2947 2032 3018 videri,

672 3028 909 3100 ingeniis
936 3046 1046 3084 non
1074 3028 1167 3084 ille
1194 3027 1345 3083 favet
1373 3027 1697 3099 plauditque
1725 3028 1972 3101 sepultis,

671 3113 861 3166 nostra
887 3109 983 3166 sed
1012 3109 1296 3181 inpugnat,
1329 3126 1430 3164 nos
1459 3113 1753 3182 nostraque
1780 3110 1986 3166 lividus
2014 3110 2143 3168 odit.

670 3190 868 3263 quodsi
893 3195 1012 3247 tam
1039 3190 1261 3247 Graecis
1288 3188 1508 3245 novitas
1535 3190 1715 3247 invisa
1739 3191 1935 3249 fuisset

671 3290 840 3344 quam
866 3272 1039 3343 nobis,
1072 3272 1205 3344 quid
1231 3289 1376 3327 nunc
1404 3275 1549 3327 esset
1575 3276 1737 3329 vetus
1759 3272 1780 3329 ’ἔ
1820 3277 1917 3328 aut
1944 3273 2077 3344 quid
2105 3272 2350 3346 haberet,

669 3354 819 3425 quod
845 3353 1051 3425 legeret
1078 3357 1384 3425 tereretque
1411 3352 1623 3409 viritim
1649 3353 1902 3426 publicus
1927 3354 2097 3412 1161162

669 3439 738 3491 ut
765 3436 1001 3507 primum
1031 3435 1225 3508 positis
1251 3434 1447 3505 nugari
1475 3432 1706 3490 Graecia
1731 3434 1892 3491 bellis

672 3516 853 3588 coepit
880 3520 936 3572 et
963 3518 1022 3572 in
1049 3517 1251 3573 vitium
1277 3516 1502 3571 fortuna
1527 3514 1699 3571 labier
1725 3533 1914 3588 aequa,

672 3615 820 3653 nunc
845 3597 1182 3654 athletarum
1209 3597 1423 3667 studiis,
1455 3613 1600 3652 nunc
1627 3596 1763 3653 arsit
1792 3615 2068 3671 equorum,

674 3680 965 3735 marmoris
992 3684 1091 3735 aut
1119 3679 1296 3736 eboris
1323 3677 1508 3734 fabros
1536 3682 1635 3735 aut
1661 3678 1803 3735 aeris
1830 3682 2053 3752 amavit,

673 3761 962 3833 suspendit
989 3761 1138 3832 picta
1164 3760 1383 3818 vultum
1413 3764 1761 3832 mentemque
1789 3761 2008 3833 tabella,

2455 1589 2515 1630 70

2457 1994 2515 2039 75

2459 2391 2517 2433 80

2457 3620 2516 3666 95
