2792 4334
455 288 520 336 46

1173 284 1231 344 Q.
1271 283 1534 334 HORATI
1572 282 1812 333 FLAGCI

1470 467 1522 523 V

939 578 1104 636 Caelo
1132 580 1422 634 tonantem
1450 576 1778 632 credidimus
1807 574 1997 631 Iovem

936 677 1160 733 regnare
1187 681 1198 716 ε
1240 675 1493 730 praesens
1519 656 2004 735 divusmbabebitur

1016 742 1305 813 Augustus
1335 740 1562 795 adiectis
1594 731 1876 795 Britannis

1095 822 1323 894 imperio
1351 821 1717 893 gravibusque
1747 820 1943 876 Persis

938 904 1066 961 mile
1135 922 1165 960 e
1195 903 1380 960 Crassi
1410 903 1635 973 coniuge
1662 901 1896 957 barbara

938 987 1086 1058 turpi
1202 985 1375 1040 aritus
1405 984 1561 1054 vixit,
1596 988 1654 1038 et
1681 982 2004 1038 hostium—

1017 1086 1112 1140 pro
1142 1067 1290 1123 curia
1317 1066 1632 1136 inversique
1661 1081 1834 1120 mores
1859 1065 1951 1119 1—

1097 1148 1382 1205 consenuit
1414 1164 1718 1203 socerorum
1745 1146 1802 1200 in
1832 1144 1998 1199 armis

937 1231 1041 1287 sub
1067 1248 1192 1303 rege
1219 1229 1387 1286 Medo
1420 1228 1638 1284 Marsus
1667 1232 1721 1283 et
1748 1224 1978 1297 Apulus,

939 1312 1260 1368 anciliorum
1287 1315 1345 1367 et
1374 1310 1613 1365 nominis
1643 1313 1699 1364 et
1726 1313 1885 1378 togae

1020 1392 1225 1449 oblitus
1254 1396 1619 1463 aeternaeque
1648 1389 1866 1457 Vestae,

1096 1473 1359 1529 incolumi
1388 1471 1521 1528 Iove
1551 1477 1609 1527 et
1640 1470 1771 1526 urbe
1799 1467 2013 1524 Roma?

939 1556 1042 1612 hoc
1071 1559 1289 1611 caverat
1318 1571 1474 1608 mens
1502 1552 1732 1624 provida
1750 1549 1959 1622 Reguli

939 1637 1171 1693 dissenti
1267 1653 1314 1690 1s
1342 1653 1445 1690 con
1484 1652 1651 1689 1010111
1689 1651 1752 1688 us

1018 1718 1191 1774 foedis
1218 1722 1274 1773 et
1301 1734 1462 1772 exem
1500 1714 1554 1771 10
1583 1712 1855 1788 trahentis

1139 1798 1394 1855 erniciem
1425 1815 1493 1853 ve
1698 1814 1733 1851 n
1763 1811 1974 1864 aevum,

942 1980 1006 2018 ca
1043 1963 1162 2018 tiva
1225 1961 1376 2016 ubes,
1469 1962 1482 1988 ‘
1500 1960 1659 2030 signa
1686 1976 1783 2029 ego
1813 1954 2037 2012 Punicis

1020 2043 1203 2099 adfixa
1229 2027 1472 2097 delubris
1500 2044 1558 2096 et
1585 2058 1737 2095 arma

1098 2123 1373 2179 militibus
1403 2122 1519 2178 sine
1548 2121 1744 2191 caede,’
1774 2119 1930 2189 dixit,

909 2207 923 2234 ‘
944 2205 1170 2276 derepta
1195 2203 1312 2259 vidi
1330 2224 1348 2277 3
1390 2202 1506 2258 vidi
1534 2221 1638 2274 ego
1664 2202 1867 2257 civium

941 2290 1149 2343 retorta
1176 2291 1330 2357 tergo
1357 2284 1616 2341 bracchia
1638 2267 1853 2358 libemk

1021 2372 1315 2440 portasque
1344 2384 1455 2422 non
1486 2365 1696 2421 clausas
1724 2368 1781 2420 et
1807 2380 1942 2441 anza

1101 2448 1286 2504 Marte
1316 2447 1423 2504 coli
1451 2446 1715 2520 populata
1742 2442 1945 2534 no'strg⁵

943 2548 1075 2587 auro
1100 2547 1360 2602 repensus
1390 2528 1603 2603 scilicet
1630 2528 1808 2596 aQi—qr

945 2611 1099 2668 miles
1128 2611 1345 2668 redibit.
1438 2610 1651 2681 flagitio
1680 2607 1885 2664 additis

1025 2693 1286 2749 damnum
1316 2714 1328 2749 :
1372 2709 1548 2763 neque
1579 2691 1807 2746 amissos
1836 2688 2040 2745 colores

1102 2773 1234 2829 lana
1260 2773 1429 2829 refert
1514 2772 1728 2828 edicata
1755 2771 1880 2827 fuco

298 2865 847 3014 ΞΜ
915 2865 1045 2997 'nec
1071 2873 1202 2912 vera
1227 2854 1424 2925 virtuS,
1457 2791 2024 2921 byffiffnmidiu

948 2941 1102 2993 curat
1129 2955 1188 2992 re
1229 2936 1319 2992 oni
1346 2934 1724 2991 deterioribus.
1783 2993 1927 3018 M

1026 3018 1074 3074 si
1099 3022 1309 3089 pugnat
1337 3005 1609 3072 extricata
1635 3001 1815 3071 Hensis

1104 3116 1264 3155 cerva
1291 3097 1484 3170 plagiS‚
1515 3098 1623 3153 erit
1650 3096 1743 3153 ille
1770 3096 1945 3167 fortiS,

950 3180 1045 3253 qui
1070 3159 1919 3253 perfidis—sffi'effiffifflffistibus

950 3267 1006 3318 et
1033 3262 1217 3318 Marte
1247 3261 1458 3316 Poenos
1485 3263 1726 3331 proteret
1753 3258 1943 3327 altem,

1031 3343 1126 3416 qui
1154 3342 1271 3398 lora
1326 3342 1461 3398 estri
1517 3341 1565 3395 is
1593 3340 1709 3396 lace
1769 3341 1813 3395 's

1108 3424 1280 3481 sensit
1307 3424 1453 3479 iners
1481 3422 1779 3493 timuitque
1793 3422 2057 3510 portem.

951 3506 1053 3577 hic,
1085 3486 1231 3562 ufl’de
1259 3506 1438 3561 vitam
1465 3507 1705 3559 sumeret
1732 3501 1951 3570 insciuS‚

952 3605 1139 3659 pacem
1168 3585 1352 3642 duello
1380 3585 1619 3640 miscuit.
1704 3601 1735 3638 0
1763 3581 1939 3654 pudor
1962 3582 1972 3636 1

1030 3687 1061 3724 0
1088 3686 1287 3738 magna
1314 3666 1605 3736 Karthago
1632 3663 1902 3736 probrosis

1109 3749 1274 3805 altior
1294 3748 1493 3803 Italiae
1520 3746 1695 3803 ruinis
1718 3749 1728 3802 1
1753 3747 1765 3771 ⁷

2486 1325 2541 1355 10

2487 2136 2545 2167 20

2493 2952 2552 2997 30

2498 3355 2556 3404 35

2501 3763 2562 3807 40
