2792 4334
425 279 522 326 144

1148 273 1205 334 Q.
1242 271 1505 323 HORATI
1541 268 1779 321 FLAOCI

583 413 641 468 in
667 413 789 469 vita
813 412 981 469 fuerit
1009 408 1240 467 melius!
1327 410 1341 437 ‘
1362 406 1449 477 da,
1481 407 1530 462 si
1556 423 1721 478 grave
1747 423 1857 461 non
1884 408 1986 475 est,

585 512 723 566 quae
750 495 928 567 prima
953 493 1157 549 iratum
1185 493 1435 547 ventrem
1462 487 1763 560 placaverit
1790 486 1947 542 esca.'

557 578 571 605 ‘
588 577 644 631 in
672 577 865 649 primis
894 575 1147 631 Lucanus
1177 589 1306 643 aper
1334 569 1445 626 leni
1472 570 1582 625 fuit
1607 570 1816 625 Austro

582 663 791 730 captus,
821 662 888 713 ut
914 655 1095 712 aiebat
1123 670 1287 709 cenae
1314 656 1473 723 pater
1493 672 1510 724 ;
1550 651 1695 707 acria
1723 650 1921 705 circum

582 739 789 811 rapula,
819 739 1078 806 lactucae,
1110 733 1334 804 radices,
1367 732 1552 804 qualia
1577 732 1784 788 lassum

583 820 892 893 pervellunt
918 815 1276 886 stomachum,
1310 815 1458 884 siser,
1492 813 1640 883 allec,
1673 811 1885 869 faecula
1915 809 2039 868 Coa

582 902 669 958 his
696 902 795 958 ubi
821 898 1054 957 sublatis
1081 915 1217 969 puer
1244 895 1356 951 alte
1385 895 1597 951 cinctus
1624 911 1875 950 acernam

582 1000 818 1056 gausape
847 997 1115 1054 purpureo
1145 994 1389 1034 mensam
1416 976 1688 1048 pertersit,
1722 980 1778 1031 et
1805 973 1948 1029 alter

582 1064 821 1136 sublegit
850 1061 1229 1134 quodcumque
1255 1060 1456 1114 iaceret
1483 1056 1679 1112 inutile
1709 1054 1961 1127 quodque

581 1150 767 1218 posset
796 1147 1048 1200 cenantes
1077 1140 1361 1209 offendere,
1393 1143 1460 1194 ut
1488 1137 1679 1193 Attica
1705 1137 1859 1207 virgo

583 1245 708 1283 cum
736 1226 903 1282 sacris
931 1223 1142 1280 Cereris
1171 1220 1416 1294 procedit
1443 1220 1628 1275 fuscus
1657 1217 1952 1290 Hydaspes

585 1306 838 1365 Caecuba
865 1306 995 1362 vina
1022 1304 1217 1374 ferens,
1250 1302 1425 1359 Alcon
1456 1299 1657 1357 Chium
1687 1298 1853 1354 maris
1882 1314 2087 1368 expers.

583 1389 671 1446 hic
699 1406 856 1445 erus:
905 1389 938 1417 “
955 1384 1251 1453 Albanum,
1285 1383 1592 1453 Maecenas,
1623 1382 1742 1437 sive
1772 1378 2065 1435 Falernum

584 1476 640 1527 te
668 1470 842 1541 magis
871 1467 1133 1539 appositis
1163 1464 1435 1520 delectat:
1479 1463 1746 1518 habemus
1771 1458 2118 1531 utrumque.''
2137 1458 2151 1483 '

558 1556 574 1583 ‘
591 1551 816 1607 divitias
842 1549 1067 1604 miseras
1091 1549 1101 1604 Ξ
1187 1545 1282 1602 sed
1311 1545 1433 1616 quis
1461 1542 1786 1600 cenantibus
1811 1559 1937 1612 11113,

587 1632 854 1702 Fundani,
887 1628 1108 1702 pulchre
1138 1627 1307 1683 fuerit
1334 1626 1454 1696 tibi,
1487 1642 1644 1680 nosse
1671 1621 1895 1679 labor0.'

557 1718 571 1745 ‘
589 1730 835 1770 summus
863 1729 977 1784 ego,
1010 1714 1067 1766 et
1094 1726 1262 1781 prope
1289 1725 1376 1763 me
1405 1705 1604 1761 Viscus
1632 1704 1912 1760 Thurinus
1942 1708 2000 1759 et
2026 1701 2186 1770 infra,

586 1796 634 1851 si
659 1793 900 1864 memini,
932 1791 1148 1860 Varius,
1184 1807 1309 1845 cum
1339 1786 1572 1845 Servilio
1600 1785 1897 1841 Balatrone

587 1875 860 1946 Vibidius,
892 1890 1027 1945 quos
1056 1871 1348 1927 Maecenas
1375 1867 1679 1924 adduxerat
1707 1865 1945 1922 umbras.

588 1957 971 2013 Nomentanus
1000 1957 1118 2009 erat
1146 1968 1308 2022 super
1335 1951 1535 2022 ipsum,
1569 1947 1794 2004 Porcius
1820 1946 1980 2015 infra,

586 2036 849 2094 ridiculus
878 2039 1025 2091 totas
1053 2032 1224 2089 semel
1252 2031 1542 2087 absorbere
1568 2028 1863 2100 placentas.

589 2119 971 2175 Nomentanus
998 2115 1069 2171 ad
1096 2114 1214 2184 hoc,
1248 2113 1357 2184 qui,
1389 2112 1438 2167 si
1466 2111 1601 2182 quid
1626 2109 1770 2165 forte
1797 2108 2011 2174 lateret,

588 2200 767 2257 indice
793 2199 1121 2254 monstraret
1150 2195 1323 2265 digito
1346 2216 1357 2250 :
1401 2210 1529 2248 113111
1559 2195 1738 2247 cetera
1769 2188 1951 2257 turba,

587 2299 702 2352 nos,
734 2281 974 2351 inquam,
1004 2292 1261 2332 cenamus
1289 2292 1433 2344 aveS,
1465 2271 1763 2345 conchylia,
1793 2270 1984 2342 pisces,

588 2362 750 2434 longe
776 2358 1096 2417 dissimilem
1123 2361 1256 2412 noto
1284 2355 1521 2412 celantia
1548 2365 1752 2423 sucum,

589 2448 654 2500 ut
680 2442 773 2499 vel
799 2441 1054 2499 continuo
1081 2437 1283 2511 patuit,
1316 2455 1441 2493 cum
1466 2434 1701 2507 passeris
1730 2437 1895 2505 atque

589 2526 873 2596 ingustata
899 2521 1036 2577 mihi
1063 2519 1364 2592 porrexerit
1390 2517 1488 2573 ih'a
1516 2514 1747 2572 rhombi.

590 2609 715 2679 post
742 2604 844 2660 hoc
871 2620 956 2659 me
985 2601 1171 2658 docuit
1199 2598 1474 2655 melimela
1501 2597 1693 2654 rubere
1722 2595 1988 2651 minorem

589 2687 662 2744 ad
686 2686 876 2741 lunam
905 2683 1113 2740 delecta
1136 2703 1148 2738 t
1192 2680 1327 2752 quid
1353 2680 1455 2735 hoc
1482 2678 1717 2748 intersit,
1749 2676 1819 2732 ab
1846 2677 1968 2747 ipso

591 2767 829 2824 audieris
855 2764 1065 2821 melius.
1153 2766 1276 2817 tum
1305 2760 1565 2816 Vibidius
1593 2757 1910 2814 Balatroni:

544 2851 578 2880 “
595 2867 693 2905 nos
720 2848 829 2904 nisi
855 2847 1113 2902 damnose
1139 2842 1401 2911 bibimus,
1429 2841 1723 2896 moriemur
1749 2835 1964 2907 inulti,”

592 2935 649 2987 et
677 2929 868 2985 calices
889 2927 1064 3000 poscit
1091 2924 1338 2980 maiores
1427 2926 1638 2977 vertere
1666 2918 1842 2992 pallor

592 3016 713 3067 tum
741 3008 961 3082 parochi
988 3007 1198 3077 faciem,
1233 3004 1313 3059 nil
1340 3004 1418 3059 sic
1444 3002 1745 3058 metuentis
1773 3005 1836 3055 ut
1865 3016 2015 3055 acres

592 3096 825 3165 potores,
856 3090 945 3147 vel
972 3082 1128 3161 quod‘
1146 3085 1484 3142 maledicunt
1510 3082 1737 3138 liberius
1763 3081 1854 3137 vel

593 3173 808 3230 fervida
834 3170 979 3244 quod
1006 3168 1210 3225 subtile
1240 3165 1541 3222 exsurdant
1567 3164 1697 3218 vina
1724 3162 1987 3234 palatum.

594 3255 878 3319 invertunt
905 3250 1167 3307 Allifanis
1194 3247 1408 3304 vinaria
1436 3250 1559 3301 tota

595 3334 854 3391 Vibidius
884 3332 1216 3402 Balatroque
1239 3350 1250 3385 :
1294 3327 1496 3383 secutis
1526 3325 1795 3395 omnibus,
1825 3324 1922 3378 imi

594 3415 854 3472 convivae
882 3414 1010 3471 lecti
1036 3410 1271 3468 nihilum
1300 3424 1532 3463 nocuere
1558 3405 1813 3477 lagoenis.

593 3496 839 3553 adfertur
865 3494 1090 3567 squillas
1116 3494 1262 3548 inter
1288 3505 1518 3545 murena
1545 3491 1800 3542 natantes

595 3579 652 3634 in
678 3578 872 3649 patina
898 3580 1156 3648 porrecta.
1245 3571 1348 3628 sub
1377 3570 1478 3625 hoc
1506 3586 1629 3624 erus
1662 3569 1696 3596 “
1714 3567 1847 3622 haec
1872 3561 2147 3637 gravida,”
2176 3565 2376 3635 inquit,

545 3660 582 3688 “
597 3663 760 3732 capta
786 3663 885 3729 est,
919 3657 1153 3713 deterior
1180 3658 1306 3726 post
1333 3655 1556 3724 partum
1585 3667 1744 3705 carne
1771 3648 1976 3703 futura.

595 3740 680 3796 his
708 3739 946 3795 mixtum
974 3738 1060 3793 ius
1087 3741 1171 3792 est
1194 3757 1205 3792 ε
1250 3733 1383 3803 0130,
1416 3730 1563 3803 quod
1589 3730 1769 3802 prima
1795 3728 2022 3784 Venafri

2455 910 2510 940 10

2454 1720 2512 1751 20

2455 2124 2513 2170 25

2459 2533 2517 2576 30

2366 2938 2516 3005 ⁷35

2461 3343 2519 3385 40

2461 3745 2516 3792 45
