2792 4334
446 299 539 349 152
1159 301 1214 362 Q.
1252 301 1512 354 HORATI
1549 302 1786 354 FLAOOI

681 454 757 494 an
783 436 993 509 tragica
1018 435 1264 494 desaevit
1292 442 1350 494 et
1378 438 1714 509 ampullatur
1742 440 1801 495 in
1828 438 1985 496 arte'l

680 519 816 592 quid
842 519 982 576 mihi
1010 517 1201 575 Celsus
1229 519 1360 589 agit,
1393 521 1638 576 monitus
1665 520 2015 592 multumque
2041 520 2363 592 monendUS,
2458 541 2516 589 15

680 601 925 673 privatas
953 604 1018 657 ut
1045 603 1271 679 quaerat
1301 618 1429 672 opes
1457 605 1514 657 et
1542 607 1764 675 tangere
1791 602 1934 659 vitet

680 683 885 754 scripta
910 680 1198 738 Palatinus
1226 699 1600 754 quaecumque
1626 684 1829 756 recepit
1855 682 2069 756 Apollo,

679 782 766 833 ne,
787 765 834 819 si
860 763 1000 820 forte
1028 780 1154 819 suas
1180 764 1477 834 repetitum
1507 766 1718 821 venerit
1747 765 1877 821 olim

678 862 813 916 grex
840 844 1024 901 avium
1052 844 1282 916 plumaS,
1317 850 1538 901 moveat
1567 846 1838 903 cornicula
1862 847 2036 903 risum

678 925 903 982 furtivis
928 924 1140 981 nudata
1167 924 1475 984 coloribus?
1556 929 1670 1000 ipse
1699 928 1832 999 quid
1859 928 2071 985 audes}
2459 951 2520 982 20

679 1025 820 1079 quae
848 1006 1250 1064 circumvolitas
1280 1007 1441 1079 agilis
1468 1008 1699 1081 thyma‘l
1780 1027 1888 1065 non
1915 1009 2022 1065 tibi
2046 1026 2280 1081 parvum

680 1089 977 1160 ingenium,
1009 1105 1116 1145 non
1144 1088 1418 1145 incultum
1445 1094 1531 1146 est
1560 1095 1616 1146 et
1642 1091 1880 1162 turpiter
1906 1090 2116 1147 hirtum
2141 1112 2152 1147 :

679 1188 780 1226 seu
803 1169 1047 1240 linguam
1074 1171 1251 1226 causis
1280 1172 1430 1227 acuis
1457 1189 1556 1227 seu
1583 1172 1752 1228 civica
1778 1171 1899 1227 iura

678 1251 1002 1322 respondere
1029 1269 1188 1322 paras
1216 1269 1313 1308 seu
1341 1253 1529 1309 condis
1557 1252 1792 1309 amabile
1819 1270 2051 1324 carmen,

678 1333 859 1405 prima
883 1331 1023 1389 feres
1051 1332 1279 1390 hederae
1307 1334 1551 1400 victricis
1578 1335 1830 1407 praemia.
1917 1334 2112 1406 quodsi
2460 1356 2518 1402 25

678 1413 881 1485 frigida
907 1431 1158 1470 curarum
1185 1415 1433 1471 fomenta
1457 1416 1763 1488 relinquere
1791 1433 1994 1488 posseS,

679 1512 791 1567 quo
818 1500 874 1552 te
901 1495 1150 1552 caelestis
1178 1497 1447 1568 sapientia
1474 1497 1709 1571 duceret,
1742 1497 1861 1554 1108.

679 1577 783 1634 hoc
809 1595 959 1649 opus,
993 1576 1093 1633 hoc
1120 1577 1367 1633 studium
1395 1579 1553 1650 parvi
1581 1596 1927 1651 properemus
1955 1582 2012 1635 et
2039 1577 2225 1650 ampli,

679 1660 728 1714 si
755 1659 963 1731 patriae
989 1657 1257 1729 volumus,
1290 1660 1338 1714 si
1365 1659 1522 1716 nobis
1549 1660 1734 1717 vivere
1763 1661 1886 1717 cari.

679 1739 847 1796 debes
875 1739 976 1797 hoc
1003 1740 1170 1796 etiam
1199 1740 1507 1812 rescribere,
1541 1742 1618 1797 sit
1645 1740 1749 1797 tibi
1777 1759 1937 1798 curae
2462 1765 2520 1809 30

679 1826 919 1893 quantae
947 1822 1237 1877 conveniat
1264 1821 1568 1878 Munatius
1650 1841 1721 1878 an
1750 1822 1891 1879 male
1917 1827 2071 1879 sarta

678 1903 860 1974 gratia
886 1897 1219 1975 nequiquam
1248 1904 1357 1959 coit
1386 1908 1443 1959 et
1468 1904 1814 1974 rescinditur,
1849 1922 1910 1960 ac
1937 1922 2037 1961 vos

679 2001 778 2040 8011
804 1983 1012 2041 calidus
1039 1985 1260 2055 sanguis
1288 2002 1386 2040 seu
1413 2003 1595 2041 rerum
1622 1985 1840 2042 inscitia
1866 1991 2030 2042 vexat

677 2065 948 2122 indomita
975 2067 1179 2122 cervice
1207 2065 1389 2122 feros?
1468 2067 1796 2138 ubicumque
1823 2067 2064 2123 locorum

679 2147 886 2219 vivitis,
917 2146 1130 2218 indigni
1156 2147 1461 2203 fraternum
1488 2165 1739 2219 rumpere
1766 2148 1973 2221 foedUS,
2461 2167 2520 2217 35

678 2228 921 2300 pascitur
948 2229 1006 2285 in
1035 2232 1280 2286 vestrum
1306 2230 1548 2285 reditum
1577 2230 1768 2287 votiva
1794 2229 2036 2286 iuvenca.

1435 2410 1520 2466 IV

679 2542 828 2614 Albi,
862 2548 1173 2601 nostrorum
1201 2562 1512 2601 sermonum
1540 2544 1770 2602 candide
1799 2544 1977 2618 iudex,

680 2625 816 2698 quid
840 2643 986 2682 nunc
1013 2629 1069 2682 te
1096 2626 1275 2682 dicam
1301 2627 1479 2683 facere
1505 2627 1564 2682 in
1593 2628 1809 2698 regione
1836 2626 2060 2684 Pedana
2082 2628 2101 2683 2

680 2706 911 2764 scribere
939 2706 1085 2778 quod
1115 2705 1271 2763 Cassi
1301 2708 1614 2765 Parmensis
1643 2707 1901 2780 opuscula
1926 2709 2129 2780 vincat,

679 2806 751 2844 an
780 2788 1012 2844 tacitum
1039 2787 1207 2844 silvas
1234 2789 1379 2845 inter
1406 2795 1623 2861 reptare
1650 2790 1908 2861 salubrcS,

680 2874 961 2926 curantem
990 2868 1256 2941 quidquid
1284 2869 1512 2941 dignum
1541 2872 1786 2943 sapiente
1812 2871 2062 2943 bonoque
2089 2872 2215 2930 est?
2489 2895 2517 2942 5

679 2970 790 3007 non
818 2955 883 3007 tu
910 2968 1100 3022 corpus
1128 2968 1248 3007 eras
1276 2951 1393 3006 sine
1421 2956 1636 3024 pectore
1659 2974 1670 3009 :
1712 2952 1772 3008 di
1800 2951 1903 3008 tibi
1930 2953 2176 3024 formam,

681 3032 739 3089 di
768 3031 872 3088 tibi
900 3031 1123 3088 divitias
1152 3031 1423 3087 dederunt
1449 3037 1732 3104 artemque
1760 3033 1991 3090 fruendi.

681 3113 816 3186 quid
841 3118 1040 3170 voveat
1067 3112 1215 3169 dulci
1241 3114 1517 3169 nutricula
1544 3114 1722 3171 maius
1750 3115 1988 3183 alumno,

679 3195 778 3266 qui
805 3213 989 3267 sapere
1018 3199 1073 3251 et
1099 3194 1206 3250 fari
1233 3195 1407 3266 possit
1435 3213 1575 3268 quae
1604 3197 1823 3268 sentiat,
1855 3201 1912 3252 et
1939 3197 2028 3253 cui

679 3276 873 3348 gratia,
904 3276 1066 3347 fama,
1099 3275 1359 3333 valetudo
1387 3277 1670 3349 contingat
1697 3276 1928 3349 abunde,
2463 3304 2518 3334 10

681 3362 738 3414 et
766 3357 1001 3413 mundus
1027 3358 1222 3428 victus,
1253 3375 1363 3413 non
1390 3357 1675 3414 deficiente
1704 3358 1998 3415 crumena‘l

680 3438 826 3495 inter
851 3457 1004 3511 spem
1032 3456 1338 3510 curamque,
1372 3439 1599 3494 timores
1626 3439 1770 3496 inter
1798 3445 1853 3496 et
1880 3441 1989 3496 iras

680 3537 895 3576 omnem
924 3519 1079 3577 crede
1107 3519 1253 3576 diem
1281 3520 1385 3576 tibi
1414 3519 1677 3575 diluxisse
1704 3538 2052 3592 supremum:

679 3605 838 3672 grata
864 3602 1210 3673 superveniet
1237 3619 1376 3674 quae
1403 3619 1511 3656 11011
1540 3601 1848 3673 sperabitur
1873 3602 2022 3660 hora.

678 3700 767 3738 me
795 3683 1053 3754 pinguem
1080 3689 1136 3741 et
1163 3683 1405 3740 nitidum
1432 3683 1570 3740 bene
1598 3688 1789 3740 curata
1815 3688 1938 3740 cute
1966 3687 2127 3757 vises,
2464 3707 2518 3754 15

680 3781 805 3821 cum
831 3763 1005 3822 ridere
1033 3766 1198 3837 voleS,
1231 3765 1455 3837 Epicuri
1483 3765 1552 3821 de
1578 3783 1740 3838 grege
1767 3782 2003 3837 porcum.
