2792 4334
453 290 548 339 :136

1169 290 1224 350 Q.
1262 289 1524 340 HORATI
1561 289 1802 341 FLACCI

688 427 787 478 ten
814 422 1022 495 lapides
1046 424 1230 479 varios
1254 423 1534 487 lutulenta
1558 425 1746 481 radere
1774 423 1958 497 palma

688 509 747 562 ct
776 504 967 575 Tyrias
995 504 1122 562 dare
1151 506 1355 561 circum
1382 504 1562 562 inluta
1589 506 1788 563 toralia
1812 510 2009 575 vestes,

686 585 946 658 oblitum,
971 591 1178 659 quanto
1206 604 1392 642 curam
1420 593 1809 660 sumptumque
1835 588 2098 644 minorem

686 667 823 724 haec
847 667 1104 739 habeant,
1138 672 1297 724 tanto
1317 668 1642 739 reprehendi
1668 670 1869 726 iustius
1894 669 2025 738 11118,

684 766 826 821 quae
852 749 960 805 nisi
989 749 1256 806 divitibus
1282 755 1563 821 nequeunt
1590 751 1902 824 contingere
1928 749 2129 807 mensis
2145 748 2167 805 2
2184 748 2197 772 '

653 833 666 860 ‘
686 831 847 887 docte
874 830 1019 903 Cati,
1050 849 1147 903 per
1175 832 1477 887 amicitiam
1505 832 1767 905 divosque
1794 837 2019 905 rogatus

683 911 879 969 ducere
905 930 996 969 me
1024 912 1290 984 auditum,
1319 932 1513 985 perges
1541 932 1897 987 quocumque,
1930 916 2219 971 memento

684 1012 814 1050 nam
842 995 1092 1066 quamvis
1120 996 1349 1051 memori
1376 995 1578 1052 referas
1607 996 1745 1051 mihi
1770 1001 1987 1068 pectore
2016 999 2229 1064 cuncta,

684 1093 798 1130 non
824 1079 1012 1131 tamen
1038 1076 1306 1149 interpres
1336 1078 1666 1134 tantundem
1693 1078 1912 1134 iuveris
1999 1077 2136 1133 adde

683 1155 904 1212 vultum
933 1157 1294 1230 habitumque
1323 1158 1578 1230 hominis,
1612 1177 1774 1230 quem
1802 1164 1869 1215 tu
1894 1159 2093 1215 vidisse
2121 1158 2316 1215 beatus

683 1255 796 1293 non
822 1239 1008 1309 magni
1034 1240 1243 1311 pendia
1275 1242 1408 1312 quia
1435 1241 1665 1312 contigit
1683 1260 1700 1312 3
1743 1245 1804 1296 at
1831 1240 1969 1296 mihi
1997 1258 2125 1296 cura

683 1337 797 1375 non
823 1320 1106 1376 mediocris
1133 1321 1293 1393 inest,
1328 1322 1510 1378 fontes
1536 1328 1604 1377 ut
1631 1322 1780 1377 adire
1808 1327 2045 1378 remotos

684 1404 850 1473 atque
879 1401 1098 1458 haurire
1129 1420 1324 1475 queam
1354 1404 1506 1460 vitae
1533 1409 1823 1476 praecepta
1850 1403 2076 1460 beatae.'

1459 1602 1514 1658 V

650 1722 663 1748 ‘
684 1719 810 1777 Hoc
835 1738 1064 1794 quoque,
1097 1722 1331 1793 Teresia,
1363 1727 1580 1795 praeter
1608 1729 1828 1781 narrata
1854 1725 2066 1798 petenti

682 1802 961 1874 responde,
995 1803 1196 1875 quibus
1222 1805 1450 1860 amissas
1477 1823 1724 1877 reparare
1753 1824 1950 1877 queam
1977 1825 2063 1863 res

683 1883 897 1939 artibus
925 1888 1093 1956 atque
1120 1884 1312 1941 111οᾶ18.
1403 1885 1537 1956 quid
1563 1886 1707 1942 rides
1724 1887 1773 1944 2²
1861 1889 2076 1944 ‘iamne
2102 1887 2289 1944 doloso

683 1982 795 2020 non
823 1964 959 2021 satis
987 1970 1072 2021 est
1100 1964 1355 2022 Ithacam
1382 1967 1570 2023 revehi
1597 1968 1911 2040 patriosque
1939 1969 2178 2026 Penates

683 2045 921 2117 aspicere
939 2046 960 2103 ’Ζ
975 2048 988 2073 ’
1074 2049 1088 2075 ‘
1106 2065 1138 2102 o
1167 2047 1306 2103 nulli
1334 2050 1627 2120 quicquam
1655 2050 1901 2122 mentite,
1932 2050 2089 2107 vides
2115 2054 2184 2107 ut

681 2127 864 2183 nudus
890 2128 1158 2200 inopsque
1187 2129 1412 2185 domum
1440 2130 1657 2186 redeam
1686 2137 1744 2187 te
1769 2136 1913 2202 vate,
1946 2150 2121 2204 neque
2149 2131 2263 2188 illic

680 2212 784 2264 aut
811 2209 1075 2280 apotheca
1098 2211 1277 2282 procis
1303 2211 1518 2267 intacta
1543 2217 1629 2268 est
1654 2217 1754 2268 aut
1780 2231 1944 2284 pecus
1963 2236 1981 2287 3
2021 2213 2178 2285 atqui

682 2294 743 2346 et
771 2307 940 2362 genus
969 2298 1028 2348 et
1053 2292 1248 2363 virtus
1280 2293 1388 2348 nisi
1418 2311 1542 2349 011111
1569 2312 1642 2363 10,
1673 2294 1837 2350 vilior
1862 2293 1989 2366 alga
2015 2295 2132 2353 est.'

648 2374 662 2400 ‘
680 2372 901 2443 quando
928 2374 1245 2445 pauperiem
1271 2374 1456 2431 missis
1484 2375 1806 2447 ambagibus
1834 2376 2033 2447 horres,

680 2454 862 2525 accipe
889 2472 1001 2526 qua
1027 2455 1239 2513 ratione
1265 2475 1435 2528 queas
1462 2457 1740 2516 ditescere.
1827 2458 2024 2517 turdus

680 2534 800 2591 sive
826 2535 977 2592 aliud
1005 2538 1222 2609 privum
1252 2538 1478 2595 dabitur
1505 2540 1624 2608 tibi,
1658 2540 1876 2597 devolet
1903 2541 2048 2612 111110,

678 2634 768 2672 res
796 2616 888 2673 ubi
917 2635 1116 2690 magna
1144 2620 1287 2676 nitet
1315 2621 1538 2678 domino
1566 2641 1691 2680 sene
1711 2644 1727 2696 3
1769 2623 1949 2679 dulcia
1974 2641 2136 2696 poma

680 2703 739 2755 et
769 2717 1137 2773 quoscumque
1165 2702 1304 2758 feret
1335 2703 1519 2761 cultus
1548 2705 1653 2762 tibi
1680 2705 1884 2762 fundus
1910 2706 2155 2775 honores,

679 2785 812 2837 ante
839 2781 1037 2839 Larem
1064 2789 1251 2854 gustet
1279 2787 1642 2843 venerabilior
1670 2788 1809 2844 Lare
1838 2788 1991 2844 dives
2010 2809 2026 2860 3

679 2863 780 2936 qui
807 2866 1056 2936 quamvis
1082 2866 1332 2938 periurus
1361 2869 1481 2939 erit,
1514 2870 1630 2926 sine
1657 2875 1836 2942 gente,
1868 2872 2122 2926 cruentus

680 2946 944 3017 sanguine
973 2946 1232 3018 fratern0‚
1264 2949 1550 3022 fugitivus,
1583 2970 1651 3007 110
1678 2958 1868 3008 tamen
1893 2951 1976 3008 illi

679 3031 750 3083 tu
778 3046 953 3085 comes
983 3030 1233 3102 exterior,
1266 3031 1314 3086 si
1341 3032 1601 3103 postulet,
1632 3033 1711 3090 ire
1738 3033 1986 3091 recuses.'

648 3114 661 3141 ‘
680 3115 818 3167 utne
845 3116 1029 3183 tegam
1056 3130 1251 3184 spurco
1277 3113 1492 3170 Damae
1519 3114 1704 3172 latus2
1784 3115 1932 3171 haud
1960 3116 2042 3171 ita
2069 3114 2261 3172 Troiae

683 3210 773 3249 me
800 3194 957 3264 gessi,
992 3199 1207 3251 certans
1237 3213 1450 3267 semper
1479 3196 1830 3255 melioribus)
1917 3200 1930 3227 ‘
1948 3215 2075 3268 ergo

681 3291 887 3346 pauper
915 3276 1056 3333 eris²
1144 3280 1159 3306 ‘
1178 3277 1374 3333 fortem
1406 3277 1507 3334 hoc
1536 3278 1781 3335 animum
1810 3278 2040 3335 tolerare
2066 3277 2266 3336 iubebo
2289 3301 2299 3336 :

680 3359 740 3411 et
768 3356 1042 3427 quondam
1069 3358 1278 3414 maiora
1304 3358 1427 3415 tuli.
1512 3363 1577 3415 tu
1604 3361 1855 3432 protinus
1882 3360 2028 3417 unde

680 3435 907 3494 divitias
935 3439 1184 3511 aerisque
1210 3458 1367 3496 ruam
1395 3440 1498 3510 dic,
1529 3458 1717 3512 augur,
1749 3441 2004 3498 acervos.'

646 3518 661 3545 ‘
679 3515 801 3572 dixi
826 3519 1077 3591 equidem
1106 3526 1166 3577 et
1195 3521 1313 3577 dico
1336 3542 1348 3578 :
1392 3526 1579 3592 captes
1606 3527 1826 3578 astutus
1853 3522 2055 3594 ubique

680 3601 1017 3656 testamenta
1043 3619 1252 3673 senum,
1282 3620 1406 3672 neu,
1438 3603 1487 3658 si
1514 3603 1664 3658 vafer
1689 3621 1833 3659 1111118
1860 3609 1917 3660 et
1944 3604 2083 3661 alter

679 3679 1055 3738 insidiatorem
1084 3701 1337 3755 praeroso
1364 3683 1775 3759 fugerit-hamc,

680 3765 783 3817 aut
809 3778 961 3834 spem
990 3763 1229 3836 deponas
1255 3770 1354 3821 aut
1382 3770 1557 3821 artem
1586 3765 1800 3823 inlusus
1830 3767 2068 3825 omittas.

2470 1423 2526 1469 95

2471 2485 2526 2515 10
