2792 4334
1465 160 1497 190 Χ

1547 224 1598 243 *x

968 294 1356 347 SERMONUM
1396 296 1525 347 LIB.
1565 298 1607 347 1.
1648 299 1677 344 3
2286 303 2377 350 103

510 427 735 500 parcius
763 428 855 485 hic
883 429 1061 486 vivit:
1104 430 1252 504 frugi
1280 433 1514 488 dicatur.
1604 433 1829 502 ineptus

510 517 569 566 et
600 509 900 566 iactantior
925 511 1018 567 hic
1045 512 1211 583 paulo
1239 518 1324 570 est
1347 535 1359 571 z
1405 514 1703 569 concinnus
1733 511 1924 567 amicis
2321 539 2381 584 50

510 589 767 663 postulat
796 596 862 647 ut
889 592 1161 650 videatur.
1249 599 1309 650 at
1337 599 1426 650 est
1454 594 1822 651 truculentior
1850 598 2016 664 atque

510 672 640 744 plus
670 690 845 745 aequo
872 673 1046 731 liber:
1089 675 1324 747 simplex
1351 677 1623 748 fortisque
1651 675 1933 730 habeatur.

511 752 724 810 caldior
751 759 837 810 est
860 776 871 811 :
913 748 1064 812 acres
1092 757 1238 812 inter
1265 763 1604 826 numeretur.
1692 756 1899 827 opinor,

513 834 654 890 haec
682 853 768 891 res
799 841 856 896 et
883 837 1083 908 iungit,
1111 838 1329 894 iunctos
1358 844 1418 894 et
1446 843 1633 895 servat
1663 838 1880 895 amieos,

513 920 575 972 at
606 933 708 972 nos
735 917 975 981 ‚virtutes
1003 920 1149 991 ipsas
1177 920 1509 976 invertimus
1536 923 1708 991 atque
2321 944 2378 991 55

512 998 793 1053 sincerum
822 999 1074 1071 cupimus
1102 1018 1202 1056 vas
1229 1001 1547 1058 incrustare.
1638 1000 1846 1073 probus
1874 1000 1996 1071 quis

513 1078 806 1135 nobiscum
833 1080 992 1151 vivit,
1026 1080 1268 1137 multum
1296 1082 1567 1138 demissus
1597 1081 1761 1138 homo
1782 1103 1800 1154 3
1843 1081 1922 1136 illi

513 1159 680 1216 tardo
709 1179 1010 1231 cognomen
1039 1163 1231 1235 pingui
1258 1163 1472 1221 damus.
1557 1163 1651 1219 hic
1677 1164 1825 1235 fugit
1853 1180 2041 1218 omnes

512 1241 750 1297 insidias
777 1242 1027 1314 nullique
1055 1243 1202 1299 malo
1228 1244 1378 1300 latus
1408 1244 1565 1301 obdit
1594 1250 1866 1317 apertum,

513 1340 646 1378 cum
674 1340 849 1394 genus
878 1324 981 1380 hoc
1009 1325 1156 1381 inter
1182 1325 1333 1382 vitae
1356 1324 1629 1398 'versetur‚
1664 1326 1760 1381 ubi
1790 1325 1928 1381 acris
2321 1338 2382 1380 60

512 1404 733 1460 invidia
760 1410 928 1477 atque
958 1406 1150 1476 vigent
1177 1406 1275 1463 ubi
1303 1408 1533 1463 crimina
1552 1426 1569 1478 3
1613 1425 1712 1479 pro
1741 1407 1882 1463 bene
1907 1424 2042 1462 sano

513 1503 580 1542 ac
608 1503 722 1541 non
749 1487 975 1543 incauto
1002 1487 1199 1544 fictum
1226 1493 1588 1561 astutumque
1617 1506 1892 1544 vocamus

513 1566 825 1638 simplicior
851 1568 975 1640 quis
1004 1574 1060 1624 et
1088 1574 1188 1640 est,
1224 1569 1446 1641 qualem
1473 1588 1560 1626 me
1588 1588 1752 1642 saepe
1780 1569 2017 1625 libenter

516 1648 819 1705 obtulerim
848 1649 970 1719 tibi,
988 1644 1311 1721 'Maecenas
1344 1655 1413 1707 ut
1441 1652 1582 1707 forte
1611 1651 1888 1722 legentem

515 1733 620 1786 aut
648 1730 884 1786 tacitum
911 1731 1144 1803 inpellat
1173 1732 1368 1804 quovis
1397 1750 1647 1789 sermone
1675 1731 1940 1788 molestus
1959 1753 1976 1804 3
2320 1745 2378 1800 65

479 1814 492 1840 ‘
515 1812 802 1867 communi
829 1830 994 1868 sensu
1020 1811 1183 1884 plane
1213 1818 1362 1869 caret
1381 1814 1395 1839 ²
1425 1813 1721 1885 inquimus,
1812 1812 1962 1884 611611,

515 1911 689 1964 quam
718 1898 925 1949 temere
952 1893 1014 1949 in
1040 1900 1256 1951 nosmet
1284 1893 1465 1966 legem
1491 1895 1770 1951 sancimus
1801 1896 2079 1966 iniquam
2069 1898 2079 1937 ἲ

514 1992 651 2030 116111
679 1975 838 2031 vitiis
864 1993 1026 2031 nemo
1053 1975 1171 2032 sine
1198 1977 1482 2050 nascitur3
1523 1976 1770 2047 optimus
1801 1975 1893 2031 ille
1921 1981 2022 2045 est,

514 2056 617 2127 qui
646 2056 891 2112 minimis
918 2062 1202 2128 urguetur.
1289 2058 1498 2113 amicus
1525 2056 1719 2129 dulcis,
1754 2062 1820 2113 ut
1849 2075 2085 2128 aequum
2114 2061 2215 2127 est,
2277 2049 2303 2092 ⁵*

515 2156 648 2194 cum
677 2155 803 2194 mea
828 2143 1144 2210 compenset
1171 2139 1327 2194 vitiis
1356 2134 1516 2209 bona,
1550 2137 1808 2210 pluribus
1836 2138 1999 2209 hisce,
2321 2162 2381 2204 70

514 2219 563 2274 si
591 2219 760 2275 modo
788 2218 948 2290 plura
974 2219 1113 2275 mihi
1140 2220 1286 2277 bona
1311 2225 1461 2291 sunt,
1493 2219 1742 2290 inclinet,
1777 2221 1948 2276 amari

514 2301 564 2356 si
593 2300 748 2356 volet
767 2320 785 2371 3
827 2300 929 2357 hac
955 2299 1079 2373 lege
1106 2301 1165 2357 in
1195 2302 1412 2357 trutina
1438 2306 1677 2374 ponetur
1703 2301 1911 2358 eadem.

514 2382 616 2453 qui
646 2400 716 2438 ne
745 2381 1035 2438 tuberibus
1062 2382 1298 2455 propriis
1327 2383 1573 2439 offendat
1602 2384 1844 2439 amicum

514 2463 785 2535 postulat,
818 2464 1064 2536 ignoscet
1092 2464 1335 2520 verrucis
1363 2463 1549 2521 illius:
1594 2482 1835 2536 aequum
1864 2469 1962 2535 est,

514 2545 761 2617 peccatis
787 2546 1009 2601 veniam
1035 2550 1352 2617 poscentem
1380 2545 1607 2601 reddere
1635 2563 1841 2602 rursus,
2322 2568 2380 2613 75

513 2626 772 2698 denique,
805 2630 1079 2698 quatenus
1107 2626 1285 2683 excidi
1312 2626 1536 2698 penitus
1563 2626 1767 2682 vitium
1799 2627 1924 2697 irae,

514 2712 703 2764 cetera
730 2708 867 2763 item
894 2712 1177 2779 nequeunt
1207 2707 1402 2764 stultis
1429 2707 1729 2780 haerentia,
1763 2726 1861 2764 cur
1890 2726 1998 2763 non

513 2787 856 2860 ponderibus
881 2788 1230 2861 modulisque
1257 2790 1374 2845 suis
1402 2790 1544 2846 ratio
1571 2789 1768 2860 utitur,
1803 2808 1865 2844 66
1892 2807 1977 2844 res

514 2875 584 2925 ut
613 2887 865 2941 quaeque
891 2875 995 2939 est,
1026 2870 1109 2926 ita
1135 2870 1422 2943 suppliciis
1452 2870 1657 2927 delicta
1684 2870 1931 2926 coercet‘l

514 2952 564 3007 si
595 2952 724 3022 quis
752 2969 879 3007 eum
906 2969 1144 3022 servum,
1177 2953 1432 3023 patinam
1460 2952 1556 3024 qui
1586 2951 1825 3007 tollere
1810 2969 1991 3007 11166116
2323 2964 2381 3005 80

513 3050 760 3089 semesos
786 3033 963 3104 pisces
991 2996 1351 3105 tepidumque
1378 3032 1723 3104 ligurrierit
1707 3051 1813 3102 lus,

513 3113 575 3169 in
606 3131 766 3170 cruce
794 3113 1032 3185 suffigat,
1066 3113 1368 3170 Labeone
1352 3115 1597 3170 msanior
1624 3114 1772 3171 inter

515 3213 684 3251 sanos
712 3194 946 3252 dicatur.
1033 3200 1244 3267 quanto
1271 3194 1377 3251 hoc
1405 3196 1668 3251 furiosius
1694 3201 1866 3267 atque

516 3277 701 3332 maius
728 3280 1018 3347 peccatum
1045 3280 1130 3333 est
1155 3279 1168 3331 !
1212 3275 1442 3349 paulum
1469 3276 1704 3348 deliquit
1732 3277 1956 3347 611116116,

516 3357 669 3429 quod
696 3357 807 3413 nisi
834 3357 1116 3424 concedas,
1145 3356 1382 3414 habeare
1410 3358 1676 3428 insuavis,
1708 3358 1935 3414 acerbus
1956 3378 1972 3430 3
2324 3369 2381 3426 85

516 3439 689 3495 odisti
719 3443 777 3494 et
805 3438 952 3510 fugis
979 3443 1046 3494 ut
1073 3438 1355 3496 Rusonem
1386 3438 1609 3495 debitor
1636 3440 1794 3509 aeriS,

516 3522 617 3592 qui
644 3520 770 3590 nisi,
802 3538 926 3575 cum
956 3521 1147 3576 tristes
1173 3520 1374 3576 misero
1403 3538 1601 3576 venere
1631 3520 1933 3590 Kalendae,

516 3596 830 3658 mercedem
857 3606 956 3657 aut
977 3619 1234 3658 nummos
1261 3602 1413 3658 unde
1441 3602 1588 3657 unde
1618 3603 1869 3673 extricat,
1902 3619 2119 3657 amaras

516 3686 774 3754 porrecto
801 3681 992 3753 iugulo
1019 3682 1282 3739 historias
1310 3683 1568 3754 captivus
1597 3688 1664 3739 ut
1692 3684 1866 3740 audit.

518 3764 848 3820 comminxit
872 3762 1081 3820 lectum
1107 3770 1274 3837 potus
1302 3782 1562 3821 mensave
1593 3764 1845 3821 catillum
2324 3788 2384 3831 90
