2792 4334
469 297 531 347 34

1203 282 1259 344 Q.
1298 278 1560 331 HORATI
1597 272 1836 327 FLACCI

1035 435 1246 493 pugnas
1273 422 1331 474 et
1359 419 1577 472 exactos
1604 417 1866 482 tyrannos

899 573 901 576 Α
1114 502 1346 558 densum
1373 496 1576 553 umeris
1644 493 1749 550 'bit
1775 508 1904 548 aure
1932 486 2145 559 vulgus

958 584 1087 658 quid
1118 583 1333 652 mirum,
1365 578 1463 634 ubi
1490 576 1601 633 illis
1629 558 1963 641 carmiffiffiis
1990 573 2218 639 stupens

960 664 1208 723 demittit
1235 666 1384 719 atras
1412 658 1575 715 belua
1601 656 1873 726 centiceps

1041 763 1198 803 aures
1226 747 1284 801 et
1310 741 1506 799 intorti
1534 738 1749 811 capillis

1123 823 1494 884 Eumenidum
1522 823 1835 877 recreantur
1861 809 2066 887 angues
2089 814 2108 867 ’ἒ

964 912 1101 983 quin
1126 914 1183 976 et
1212 903 1577 963 Prometheus
1605 906 1663 958 et
1692 899 1912 971 Pelopis
1940 912 2135 969 parens

967 992 1115 1049 dulci
1141 985 1695 1057 lahnmmjemmmr
1723 998 1867 1050 sono,

1049 1090 1147 1129 nec
1176 1073 1332 1127 curat
1362 1067 1528 1123 Orion
1556 1064 1744 1121 leones

1131 1157 1228 1209 aut
1256 1148 1481 1208 timidos
1510 1146 1723 1219 agitare
1749 1143 1951 1214 lyncas,

1479 1410 1623 1468 XIV

982 1552 1139 1609 Eheu
1165 1550 1400 1620 fugaceS,
1436 1546 1715 1612 Postume,
1749 1540 2028 1607 Postume,

979 1634 1243 1706 labuntur
1271 1629 1414 1700 anni,
1449 1643 1547 1682 nec
1575 1625 1756 1696 pietas
1783 1636 1992 1676 moram

1061 1713 1210 1785 rugis
1239 1715 1296 1767 et
1323 1707 1558 1764 instanti
1585 1707 1834 1761 senectae

1143 1793 1355 1849 adferet
1382 1787 1685 1845 indomitae
1725 1801 1792 1839 ue
1819 1781 1987 1837 morti
2007 1799 2022 1850 3

981 1803 2096 1960 ww,

988 1958 1173 2028 amine,
1418 1953 1470 2007 ‘n
1496 1968 1558 2007 ac
1590 1950 1602 1961 '
1781 1963 1810 2002 e

1069 2037 1203 2094 Plut
1277 2054 1310 2091 a
1336 2033 1535 2125 tauriS,
1561 2030 1658 2103 qui
1687 2033 1773 2085 ter
1799 2023 2043 2118 amplum

1152 2096 1443 2189 Zsseryonen
1473 2114 1785 2204 Tltyonque
1812 2110 1964 2164 tristi

994 2221 1023 2259 c
1239 2199 1287 2255 it
1351 2206 1354 2208 ’
1391 2197 1479 2267 da,
1509 2182 2015 2268 anifius,

909 2285 938 2370 (
994 2284 1323 2374 quicumgue
1351 2284 1531 2335 terrae
1557 2289 1783 2331 munere
1810 2268 2096 2335 vescimur,

1179 2380 1236 2419 v1
1347 2360 1432 2445 Q,
1467 2358 1582 2415 sive
1610 2371 1764 2426 reges

1157 2445 1272 2501 sive
1299 2443 1490 2513 inopes
1520 2438 1724 2495 erimus
1751 2432 1942 2490 coloni.

999 2528 1205 2583 frustra
1232 2527 1456 2581 cruento
1486 2519 1673 2576 Marte
1700 2514 2004 2593 carebimus

1000 2608 1295 2688 fractisque
1324 2603 1474 2660 rauci
1502 2600 1764 2657 fluctibus
1791 2594 2049 2662 Hadriae,

1105 2693 1288 2744 rustra
1312 2703 1410 2758 per
1438 2688 1736 2757 autumnos
1764 2680 2050 2733 nocentem

1164 2766 1477 2840 corporibus
1506 2767 1815 2820 metuemus
1840 2758 2125 2814 Austrum.

1007 2851 1265 2909 visendus
1293 2853 1412 2912 ater
1439 2845 1665 2902 flumine
1693 2839 1955 2912 languido
1986 2900 1987 2903 Ἴ

1011 2928 1455 3006 Cocytos'errans
1484 2930 1542 2983 et
1570 2924 1756 2981 Danai
1781 2938 1952 2994 genus

1088 3013 1290 3071 infame
1318 3011 1723 3078 damnathue
1749 3002 1899 3077 longi

1172 3091 1441 3165 Sisyphus
1469 3087 1727 3145 Aeolides
1753 3083 1971 3158 laboris.

1013 3174 1309 3250 linquenda
1334 3171 1500 3230 tellus
1529 3173 1585 3225 et
1612 3168 1809 3224 domus
1836 3169 1893 3220 et
1921 3162 2140 3235 placens

1018 3276 1169 3329 uxor,
1178 3242 2250 3475 ”wem

1099 3345 1156 3396 te
1182 3340 1399 3410 praeter
1426 3333 1633 3389 invisas
1662 3343 1944 3400 cupressos

1261 3436 1295 3474 a
1318 3411 1858 3492 brexgmdommum
1885 3410 2161 3477 sequetur.

1023 3502 1275 3559 absumet
1301 3497 1459 3554 heres
1489 3493 1669 3551 ancu
1709 3509 1744 3547 a
1828 3488 1984 3560 gnior

1023 3587 1243 3641 servata
1268 3583 1491 3636 centum
1519 3572 1768 3631 clavibus
1794 3574 1852 3626 et
1878 3585 2029 3624 mero

1103 3665 1322 3737 tinguet
1349 3658 1731 3738 pavimentum
1759 3649 2008 3723 superb0,

1185 3741 1507 3828 pontificum
1532 3736 1745 3810 potiore
1774 3732 1934 3789 cenis.

2481 740 2569 801 ,35

2519 1150 2578 1193 40

2548 2280 2604 2311 10

2566 3094 2626 3124 20
