2792 4334
411 288 474 334 30

1142 285 1200 344 Q.
1240 283 1500 336 HORATI
1536 284 1775 337 FLACOI
1931 325 1953 344 s

897 419 1172 476 crederem
1196 441 1207 477 :
1253 419 1349 475 sed
1378 424 1444 475 tu
1472 421 1635 477 simul
1663 404 1922 491 obligasti

896 501 1167 574 perfidum
1196 501 1341 557 votis
1370 506 1550 573 caput,
1585 502 1837 558 enitescis

896 582 1178 654 pulchrior
1206 582 1381 638 multo
1411 582 1777 655 iuvenumque
1806 582 1990 655 prodis

976 664 1198 736 publica
1226 681 1366 719 cura.

899 746 1121 816 expedit
1148 745 1343 801 matris
1372 744 1579 800 cineres
1608 753 1826 816 opertos

897 825 1089 883 fallere
1117 831 1175 883 et
1203 831 1324 882 toto
1353 826 1630 883 taciturna
1657 828 1836 882 noctis

898 908 1057 979 signa
1085 926 1212 964 cum
1239 906 1386 963 caelo
1416 906 1702 979 gelidaque
1730 907 1888 963 divos

982 993 1157 1045 morte
1186 993 1449 1045 carentes.

903 1070 1048 1143 ridet
1076 1070 1193 1140 hoc,
1228 1070 1469 1141 inquam,
1503 1069 1692 1125 Venus
1719 1070 1852 1141 ipsa,
1885 1069 2065 1126 rident

903 1151 1178 1222 simplices
1205 1151 1515 1223 Nymphae,
1546 1151 1695 1206 ferus
1722 1155 1779 1206 et
1809 1150 2021 1222 Cupido

903 1250 1115 1304 semper
1137 1233 1391 1289 ardentes
1421 1250 1620 1288 acuens
1648 1232 1881 1303 sagittas

986 1318 1104 1370 cote
1133 1318 1372 1371 cruenta.

904 1394 1046 1450 adde
1073 1395 1221 1466 quod
1247 1395 1420 1467 pubes
1449 1394 1553 1451 tibi
1582 1393 1776 1450 crescit
1805 1393 1997 1464 omniS,

906 1476 1144 1532 servitus
1174 1476 1367 1531 crescit
1396 1494 1554 1545 nova,
1588 1493 1686 1531 nec
1712 1474 1918 1546 priores

907 1557 1088 1629 inpiae
1116 1561 1328 1612 tectum
1357 1557 1610 1612 dominae
1637 1555 1958 1627 relinquunt

987 1656 1148 1710 saepe
1175 1637 1385 1694 minati.

908 1723 965 1775 te
992 1720 1106 1775 suis
1136 1725 1340 1775 matres
1367 1722 1626 1774 metuunt
1652 1718 1912 1788 iuvencis,
1979 1743 1983 1747 ·

907 1805 964 1856 te
990 1818 1146 1856 senes
1174 1800 1322 1873 parci
1349 1800 1684 1871 miseraeque
1711 1817 1885 1870 nuper

907 1882 1147 1953 virgines
1175 1886 1395 1952 nuptae,
1429 1886 1529 1937 tua
1555 1899 1622 1937 ne
1649 1880 1891 1937 retardet

989 1980 1122 2019 aura
1149 1963 1389 2020 maritos.

1425 2209 1515 2265 IX

910 2341 968 2398 N
971 2360 1041 2398 on
1069 2359 1280 2414 semper
1306 2341 1510 2398 imbres
1537 2340 1777 2398 nubibus
1799 2340 2047 2413 &EQ-(195

911 2428 1140 2480 manant
1168 2424 1227 2478 in
1255 2440 1414 2494 agros
1442 2427 1539 2479 aut
1566 2440 1714 2478 mare
1744 2421 2006 2494 Caspium

991 2510 1201 2561 vexant
1230 2504 1241 2516 ⁶
1387 2503 1539 2561 uales
1565 2502 1833 2575 procellae

1070 2603 1258 2657 usque,
1289 2603 1389 2641 nec
1417 2584 1694 2641 Armeniis
1722 2584 1780 2639 in
1809 2585 1933 2656 oriS‚

911 2667 1084 2723 amice
1114 2666 1295 2738 Valgi,
1329 2670 1445 2722 stat
1473 2666 1673 2737 glacies
1700 2666 1846 2742 ig-ers

912 2765 1128 2804 menses
1156 2765 1253 2819 per
1279 2764 1467 2803 omnes
1496 2752 1593 2802 aut
1620 2746 1989 2820 A-OEfflQQ

992 2833 1250 2900 querceta
1276 2827 1535 2904 Gargani*
1549 2827 1803 2897 lahssmm

1072 2914 1128 2966 et
1157 2909 1302 2966 foliis
1329 2909 1388 2965 vi
1428 2913 1631 2965 uantur
1658 2910 1810 2966 orni:

905 2996 1218 3066 ,tu—semper
1243 3009 1308 3046 ur
1384 3008 1442 3046 es
1510 3008 1538 3046 e
1678 3008 1744 3045 us
1771 2988 1949 3046 modis

912 3071 1138 3145 Mysten
1167 3008 2040 3143 adeffiffffiffii‘v’e's'ffiro

989 3157 1247 3225 surgente
1272 3152 1546 3208 decedunt
1571 3169 1780 3209 amores

1069 3253 1170 3291 nec
1196 3233 1449 3305 rapidum
1476 3233 1721 3305 fugiente
1748 3231 1932 3288 solem.

907 3320 969 3371 at
996 3333 1104 3381 non
1130 3320 1218 3372 ter
1244 3333 1377 3371 aevo
1405 3315 1630 3370 functus
1656 3313 1947 3370 amabilem

909 3395 1150 3468 ploravit
1178 3413 1365 3452 omnes
1392 3388 1753 3451 Kfifflochum
1781 3412 1948 3456 senex

980 3495 1176 3548 ·,annos
1208 3495 1304 3534 nec
1330 3477 1594 3556 Q
1619 3480 1873 3548 parentes

1071 3559 1292 3615 Troilon
1320 3563 1420 3614 aut
1450 3557 1721 3629 Phrygiae
1749 3573 1958 3612 sorores

907 3638 1104 3696 flevere
1132 3657 1359 3712 semper.
1429 3636 1910 3709 ΜΨ

907 3721 1134 3777 tandem
1162 3718 1544 3793 querellarum,
1576 3724 1633 3776 et
1659 3719 1845 3791 potius
1874 3735 2016 3774 nova

2445 848 2503 880 10

2447 1658 2508 1690 20

2455 3092 2512 3125 10
