2792 4334
1017 299 1403 352 CARMINUM
1436 300 1566 352 LIB.
1606 298 1688 349 III

838 437 950 493 iras
978 441 1035 492 et
1062 436 1307 493 invisum
1338 443 1610 508 nepotem,

924 517 1119 574 Troica
1145 536 1311 590 quem
1342 519 1556 590 peperit
1583 515 1848 586 sacerdos,

763 599 937 655 Marti
967 599 1242 656 redonabo
1267 621 1281 666 ;
1322 599 1485 656 illum
1512 617 1613 671 ego
1641 596 1850 652 lucidas

923 842 1693 923 ΜΨ·

762 924 896 981 dum
923 924 1121 997 longus
1148 925 1296 981 inter
1323 924 1537 981 saeviat
1569 924 1713 979 Ilion

761 1006 1106 1078 Romamque
1135 1012 1356 1078 pontus,
1391 1003 1885 1084 Qassli‘b-efflxsules

842 1088 903 1143 in
930 1093 1087 1160 parte
1114 1105 1173 1143 re
1251 1092 1386 1143 anto
1416 1087 1568 1143 beati
1592 1109 1604 1120 ·

924 1162 1059 1225 dum
1087 1166 1298 1224 Priami
1330 1168 1656 1240 Paridisque
1682 1167 1847 1223 busto

763 1248 998 1307 insultet
1023 1254 1339 1306 armentum
1369 1254 1428 1306 et
1454 1249 1667 1306 catulos
1692 1248 1839 1305 ferae

765 1330 945 1388 celent
972 1330 1201 1403 inultae,
1232 1336 1348 1387 stet
1377 1330 1716 1403 Capitolium

842 1411 1059 1484 fulgens
1087 1411 1557 1484 triumphatisque
1585 1412 1761 1485 possit

927 1493 1107 1549 Roma
1132 1493 1287 1550 ferox
1317 1492 1448 1550 dare
1476 1494 1600 1550 iura
1628 1492 1824 1549 Medis,

766 1574 1037 1631 horrenda
1062 1575 1180 1631 late
1206 1593 1410 1632 nomen
1439 1575 1494 1631 in
1523 1575 1754 1631 ultimas

766 1656 1031 1713 extendat
1058 1674 1198 1726 oras,
1231 1674 1343 1729 qua
1370 1656 1586 1713 medius
1614 1656 1793 1728 liquor

843 1738 1079 1795 secernit
1110 1737 1368 1811 Europen
1397 1737 1470 1794 ab
1495 1737 1651 1810 Afro,

926 1837 1035 1891 qua
1062 1819 1313 1876 tumidus
1342 1819 1488 1891 rigat
1515 1837 1651 1875 arva
1680 1818 1858 1891 Nilus,

766 1918 964 1958 aurum
991 1901 1333 1974 inrepertum
1362 1905 1422 1957 et
1448 1901 1527 1957 sic
1554 1901 1752 1957 melius
1779 1901 1968 1972 situm,

765 2000 892 2040 cum
919 1987 1069 2040 terra
1096 1981 1255 2054 celat,
1287 2000 1544 2056 spernere
1573 1982 1769 2039 fortior

845 2082 1013 2137 quam
1039 2082 1229 2137 cogere
1257 2064 1528 2121 humanos
1556 2064 1617 2120 in
1644 2082 1775 2121 usus

927 2164 1087 2202 omne
1114 2164 1333 2202 sacrum
1361 2146 1834 2217 rapiente·²dextra
1851 2157 1870 2219 '3

764 2227 1095 2307 qffl’gumque
1123 2227 1333 2284 mundo
1362 2228 1634 2296 terminus
1662 2227 1897 2300 obstitit,

927 2313 1137 2381 tanget
1163 2309 1332 2364 armis
1382 2308 1559 2365 visere
1623 2314 1825 2382 esti-ens

881 2408 921 2446 u
1274 2389 1580 2447 acchentur
1606 2391 1775 2462 ignes,

925 2489 1036 2543 qua
1061 2471 1295 2528 nebulae
1324 2471 1611 2545 pluviique
1638 2490 1800 2529 rores.

763 2552 860 2610 sed
887 2551 1163 2627 bellicosis
1188 2553 1311 2609 fata
1340 2552 1651 2622 Quiritibus

764 2633 1178 2707 Qdico,
1209 2652 1279 2690 ne
1309 2635 1544 2690 nimium
1572 2634 1651 2706 pii

842 2715 1115 2787 rebusque
1142 2715 1382 2773 fidentes
1409 2716 1598 2772 avitae

925 2800 1074 2853 tecta
1099 2796 1279 2853 velint
1310 2814 1563 2869 reparare
1590 2796 1797 2854 Troiae.

763 2877 960 2934 Troiae
986 2895 1277 2935 renascens
1306 2878 1440 2934 alite
1467 2877 1528 2934 lu
1605 2879 1689 2935 bri

762 2942 988 3030 fossffia
1013 2959 1167 3016 tristi
1192 2945 1348 3052 (ΒΕΘ
1369 2957 1516 3044 ἔξω
1523 2896 1683 3047 {itum

842 3039 1077 3097 ducente
1105 3058 1195 3097 vic
1223 3058 1362 3097 rices
1391 3058 1455 3097 ca
1482 3058 1642 3097 ervas

924 3121 1154 3194 coniuge
1181 3139 1269 3179 me
1300 3122 1455 3178 Iovis
1482 3126 1542 3178 et
1569 3139 1764 3180 sorore.

761 3207 848 3259 ter
874 3203 924 3259 si
950 3208 1201 3275 resurgat
1229 3221 1422 3259 murus
1449 3221 1652 3259 aeneus

761 3288 985 3341 auctore
1012 3283 1253 3355 Phoebo,
1286 3290 1375 3341 ter
1400 3288 1593 3356 pereat
1620 3285 1757 3341 meis

840 3366 1058 3423 excisus
1085 3365 1330 3438 Argivis,
1364 3370 1452 3422 ter
1477 3383 1620 3422 uxor

920 3451 1085 3520 capta
1110 3447 1295 3503 virum
1323 3464 1633 3520 puerosque
1660 3447 1873 3519 ploret.'

759 3546 870 3584 non
898 3528 1004 3586 hoc
1029 3528 1050 3584 i
1179 3545 1243 3585 ae
1271 3528 1566 3584 conveniet
1595 3527 1615 3583 l
1654 3546 1746 3584 rae
1770 3551 1780 3585 :

758 3627 882 3683 qu0,
915 3609 1097 3682 Musa,
1131 3608 1356 3666 tendis‘l
1437 3596 1629 3666 desine
1654 3610 1912 3682 pervicax

839 3691 1039 3748 referre
1066 3708 1348 3748 sermones
1375 3689 1606 3747 deorum
1632 3696 1690 3749 et

919 3790 1123 3862 mffla
1149 3772 1330 3830 modis
1357 3775 1588 3830 tenuare
1615 3773 1813 3845 parvis.

2310 303 2375 352 43

2317 783 2376 831 35

2317 1192 2378 1235 40

2317 1596 2376 1644 45

2317 2005 2376 2052 50

2318 2411 2376 2459 55

2316 3634 2376 3677 70
