2792 4334
487 289 550 337 66

1210 289 1265 352 Q.
1304 291 1569 343 HORATI
1613 293 1854 346 FLACCI

1440 507 1613 565 XXX

885 627 1059 703 Exegi
1086 628 1488 684 monimentum
1516 647 1639 687 aere
1666 634 1957 703 perennius

883 710 1161 781 regalique
1187 710 1300 766 situ
1328 711 1678 781 pyramidum
1705 713 1891 785 altius„

884 790 1031 862 quod
1058 809 1166 846 non
1196 791 1370 847 imber
1398 792 1552 868 Q
1585 811 1693 849 non
1721 794 1926 867 Aquilo
1953 798 2210 871 inpotens

883 873 1058 945 possit
1085 873 1298 929 diruere
1327 873 1869 933 autinnumerabilis
1897 878 1900 881 ’
1939 871 2210 893 ““““““““““’

884 971 1152 1009 annorum
1179 954 1341 1009 series
1371 959 1430 1009 et
1457 954 1588 1025 fuga
1616 962 1938 1029 temporum.

883 1052 996 1090 non
1023 1034 1199 1091 omnis
1226 1035 1441 1105 moriar,
1456 1037 1761 1115 ,multaque
1790 1057 1915 1116 pars
1942 1043 2053 1098 mei

883 1116 1087 1172 vitabit
1117 1116 1455 1174 Libitinam:
1498 1135 1671 1190 usque
1696 1136 1809 1197 §gg
1829 1126 2049 1201 postera

884 1215 1121 1275 crescam
1148 1188 1306 1253 laude
1325 1215 1535 1278 repens,
1569 1199 1699 1255 dum
1729 1199 2066 1273 Capitolium

882 1269 1460 1336 sb'andet''c⁷fiffi”‘tacita
1485 1275 1698 1353 virgine
1726 1284 1990 1355 pontifex.

884 1360 1048 1433 dicar,
1071 1378 1193 1432 qua
1207 1361 1426 1441 ,violens
1455 1362 1738 1437 obstrepit
1753 1364 1989 1437 Aufidus

885 1458 915 1496 e
973 1448 1081 1513 qua
1106 1459 1312 1513 pauper
1340 1460 1513 1514 aquae
1543 1444 1777 1502 Daunus
1807 1451 2105 1519 agrestium

884 1524 1136 1593 regnavit
1164 1522 1503 1595 populorum,
1536 1544 1604 1582 ex
1632 1527 1830 1584 humili
1858 1535 2051 1607 potens

883 1603 1965 1691 R-Q111102.Q291{9„Q„QQQAEQMJAEQLQS

885 1684 1405 1765 dssflllsslssssss-m0d93²
1491 1707 1645 1747 sume
1673 1686 1988 1763 superbiam

884 1761 1189 1836 quaesitam
1216 1762 1428 1825 meritis
1455 1775 1512 1827 et
1540 1773 1676 1828 mihi
1703 1773 1976 1846 Delphica

885 1845 1037 1904 lauro
1065 1849 1218 1922 cinge
1247 1849 1449 1924 volens,
1484 1852 1847 1928 Melpomene,
1880 1873 2104 1912 comam.

1165 2260 1409 2322 LIBER
1462 2262 1855 2338 QUARTUS

1503 2436 1533 2491 I

880 2539 1269 2611 INTERMISSA,
1303 2542 1507 2614 VenuS,
1543 2543 1637 2600 diu

960 2639 1147 2678 rursus
1175 2623 1319 2679 bella
1344 2625 1571 2681 moves?
1610 2629 1770 2697 parce
1797 2626 1999 2700 precor,
2030 2646 2235 2700 precor.

880 2721 989 2759 non
1015 2721 1139 2758 sum
1167 2705 1344 2776 qualis
1373 2723 1522 2761 eram
1552 2707 1723 2764 bonae

960 2783 1063 2839 sub
1093 2802 1255 2855 regno
1286 2785 1534 2844 Cinarae.
1621 2788 1823 2857 desine,
1856 2789 2099 2847 dulciu‘m

881 2870 1059 2921 mater
1086 2884 1248 2922 saeva
1278 2866 1628 2941 Cupidinum,

957 2946 1099 3002 circa
1125 2946 1298 3003 lustra
1325 2948 1511 3005 decem
1540 2951 1756 3009 flectere
1784 2952 2040 3009 mollibus

880 3027 990 3083 iam
1016 3027 1214 3084 durum
1241 3030 1484 3102 imperiis
1507 3054 1519 3088 :
1562 3033 1666 3104 abi,

959 3127 1066 3181 quo
1094 3110 1325 3167 blandae
1354 3112 1614 3169 iuvenum
1643 3119 1700 3171 te
1729 3120 1988 3171 revocant
2015 3133 2216 3187 preces.

878 3191 1259 3262 tempestivius
1286 3192 1345 3246 in
1374 3192 1597 3249 domum

959 3272 1121 3327 Pauli
1145 3274 1431 3344 purpureis
1458 3274 1572 3330 ales
1601 3275 1839 3332 oloribus

878 3353 1231 3409 comissabere
1260 3354 1510 3426 Maximi,

956 3434 1004 3489 si
1032 3440 1234 3491 torrere
1263 3436 1410 3491 iecur
1438 3438 1651 3507 quaeris
1679 3437 1935 3494 idoneum
1956 3465 1972 3496 ε

878 3533 1113 3587 namque
1143 3522 1199 3571 et
1226 3516 1425 3572 nobilis
1453 3522 1510 3573 et
1538 3518 1732 3573 decens

955 3603 1012 3651 et
1038 3615 1136 3668 pro
1164 3597 1411 3654 sollicitis
1440 3617 1550 3654 non
1578 3599 1781 3654 tacitus
1807 3599 1912 3654 reis

877 3681 934 3732 et
961 3683 1182 3734 centum
1209 3698 1343 3751 puer
1369 3683 1572 3735 artium

954 3757 1067 3815 late
1094 3761 1249 3837 signa
1277 3762 1415 3818 feret
1442 3761 1673 3816 militiae
1702 3765 1846 3831 tuae,

2518 1393 2571 1422 10

2509 3304 2621 3334 10-

2505 3703 2559 3751 15
