2792 4334
390 284 457 333 62

1109 282 1163 342 Q.
1201 281 1466 333 HORATI
1505 281 1743 335 FLACOI

1315 468 1551 525 XXVII

871 579 1060 650 Inpios
1088 595 1280 649 parrae
1308 577 1600 633 recinentis
1628 595 1790 634 omen

870 661 1037 716 ducat
1066 664 1123 715 et
1150 656 1456 730 praegnans
1486 660 1632 715 canis
1660 664 1761 715 aut
1787 659 1858 715 ab
1885 676 2015 735 agro

870 760 1004 798 rava
1031 740 1320 797 decurrens
1347 739 1481 812 lupa
1509 740 1796 797 Lanuvino

951 822 1171 894 fetaque
1199 821 1394 892 vulpes
1419 842 1436 893 3

871 908 1094 975 rumpat
1122 907 1176 959 et
1204 920 1428 973 serpens
1457 903 1565 958 iter
1589 904 1927 974 institutum,

872 986 921 1042 si
943 1003 1042 1056 per
1071 984 1354 1055 obliquum
1383 984 1582 1039 similis
1608 985 1848 1055 sagittae

871 1067 1073 1124 terruit
1099 1084 1329 1121 mannos
1352 1087 1363 1122 :
1409 1083 1511 1137 ego
1540 1066 1625 1121 cui
1653 1065 1861 1121 timebo

951 1146 1210 1219 providus
1240 1165 1464 1218 auspex,

873 1234 1169 1300 antequam
1198 1233 1414 1284 stantes
1445 1231 1658 1299 repetat
1687 1226 1912 1298 paludes

872 1310 1134 1366 imbrium
1159 1309 1351 1365 divina
1376 1310 1498 1365 avis
1525 1309 1909 1379 inminentum,

873 1392 1112 1448 oscinem
1141 1408 1365 1446 corvum
1394 1408 1554 1462 prece
1580 1389 1856 1446 suscitabo

953 1471 1084 1528 solis
1112 1471 1181 1527 ab
1209 1467 1351 1529 ortu.

874 1554 950 1609 sis
975 1553 1108 1608 licet
1135 1552 1283 1622 felix,
1317 1552 1648 1624 ubicumque
1676 1552 1868 1623 mavis,

873 1639 931 1692 et
957 1652 1166 1690 memor
1192 1634 1384 1703 nostri,
1420 1632 1669 1702 Galatea,
1702 1634 1872 1705 vivas,

874 1720 1039 1787 teque
1067 1733 1165 1771 nec
1191 1715 1383 1771 laevus
1413 1718 1568 1770 vetet
1596 1715 1673 1770 ire
1702 1715 1856 1786 picus

953 1814 1053 1853 nec
1079 1814 1219 1867 vaga
1247 1796 1450 1853 cornix.

873 1878 969 1934 sed
996 1877 1165 1949 vides,
1197 1882 1408 1949 quanto
1437 1876 1678 1948 trepidet
1708 1875 1955 1932 tumultu

874 1977 1077 2031 pronus
1107 1958 1289 2015 Orion.
1378 1976 1478 2029 ego
1506 1958 1638 2029 quid
1667 1959 1742 2013 sit
1771 1962 1891 2013 ater

876 2040 1120 2096 Hadriae
1146 2040 1278 2097 novi
1306 2040 1458 2095 sinus
1487 2044 1546 2096 et
1571 2039 1705 2112 quid
1731 2038 1890 2095 albus

952 2125 1139 2192 peccet
1166 2121 1360 2193 Iapyx.

783 2249 790 2257 .
874 2203 1120 2259 hostium
1145 2220 1342 2258 uxores
1370 2202 1631 2273 puerique
1661 2219 1844 2257 caecos

875 2284 1121 2341 sentiant
1148 2288 1334 2339 motus
1364 2284 1590 2339 orientis
1620 2282 1818 2338 Austri
1845 2285 1902 2338 et

875 2366 1127 2436 aequoris
1154 2366 1300 2437 nigri
1329 2365 1613 2421 fremitum
1642 2368 1703 2420 et
1728 2368 2026 2420 trementes

954 2447 1177 2503 verbere
1204 2447 1368 2518 ripas.

875 2528 953 2584 sic
980 2533 1038 2584 et
1067 2528 1285 2599 Europe
1314 2528 1541 2583 niveum
1568 2526 1754 2582 doloso

876 2608 1109 2665 credidit
1137 2614 1297 2664 tauro
1325 2609 1474 2664 latus
1504 2613 1559 2664 et
1586 2611 1890 2674 scatentem

876 2690 1053 2747 beluis
1082 2695 1313 2761 pontum
1342 2689 1658 2760 mediasque
1687 2688 1907 2745 fraudes

954 2771 1154 2843 palluit
1182 2771 1377 2828 audax.

874 2870 1047 2925 nuper
1075 2853 1134 2907 in
1159 2852 1336 2923 pratis
1364 2851 1612 2908 studiosa
1636 2851 1834 2907 florum
1861 2855 1920 2908 et

875 2934 1096 2990 debitae
1124 2933 1404 3005 Nymphis
1434 2933 1616 3004 opifex
1643 2950 1868 2989 coronae

875 3020 1036 3072 nocte
1063 3014 1333 3070 sublustri
1360 3014 1504 3070 nihil
1531 3018 1680 3070 astra
1706 3019 1923 3086 praeter

954 3096 1100 3152 vidit
1127 3099 1183 3151 et
1209 3095 1403 3152 undaS.

876 3196 1015 3249 quae
1044 3177 1208 3234 simul
1237 3181 1461 3232 centum
1490 3176 1679 3245 tetigit
1706 3179 1987 3247 potentem

878 3260 1093 3331 oppidis
1123 3258 1340 3328 Creten,
1379 3256 1582 3329 ‘pater,
1614 3275 1646 3313 o
1673 3257 1927 3313 relictum

876 3340 1022 3397 filiae
1050 3358 1249 3396 nomen
1276 3338 1599 3411 pietasque,'
1627 3338 1786 3410 dixit,

925 3423 1109 3478 ‘victa
1135 3422 1316 3477 furore
1339 3422 1351 3477 !

878 3504 1023 3559 unde
1054 3521 1160 3575 quo
1186 3502 1352 3560 venii
1432 3501 1571 3557 levis
1597 3519 1710 3556 una
1736 3518 1882 3556 mors
1908 3504 1994 3556 est

878 3585 1154 3656 virginum
1183 3584 1390 3655 culpae.
1479 3582 1783 3654 vigilansne
1808 3581 1962 3653 ploro

881 3671 1040 3737 turpe
1070 3666 1435 3735 commissum,
1470 3681 1542 3719 an
1567 3663 1724 3720 vitiis
1752 3667 2025 3719 carentem

957 3747 1106 3802 ludit
1131 3748 1328 3819 imag0,

2429 1330 2485 1361 10

2428 2143 2487 2173 20

2426 2957 2487 3000 30

2429 3360 2487 3407 35

2429 3768 2489 3811 40
