2792 4334
966 270 1350 322 CARMINUM
1387 270 1458 319 LI
1465 269 1518 318 B.
1559 266 1643 316 III

750 410 927 466 fertur
952 406 1186 478 pudicae
1214 405 1465 477 coniugis
1493 400 1739 459 osculum

750 506 1056 564 parvosque
1082 492 1244 544 natos
1270 492 1338 543 ut
1365 485 1565 559 capitis
1591 483 1769 539 minor

831 571 906 627 ab
930 588 989 626 se
1018 570 1316 627 removisse
1344 573 1405 625 et
1430 565 1648 625 virilem

915 657 1111 709 torvus
1137 650 1296 707 humi
1325 649 1573 722 posuisse
1601 645 1838 716 vultum,

752 735 925 792 donec
950 722 1208 790 labantes
1236 731 1466 788 consilio
1532 734 1677 785 atres

753 801 999 872 Effiaret
1028 818 1220 871 auctor
1249 830 1554 890 numquam
1583 809 1719 865 alias
1741 808 1889 879 dato,

839 897 1095 968 interque
1121 899 1432 951 maerentes
1460 892 1663 949 amicos

919 977 1172 1049 egregius
1196 993 1296 1048 pro
1337 978 1519 1031 eraret
1546 971 1737 1029 exsul.

741 1059 919 1131 -atqui
945 1058 1157 1115 sciebat
1183 1074 1325 1129 quae
1352 1074 1403 1112 si
1442 1074 1463 1111 1
1529 1054 1757 1110 arbarus

762 1145 941 1197 tortor
966 1143 1187 1212 pararet
1206 1159 1224 1211 3
1265 1155 1376 1194 non
1406 1136 1569 1193 aliter
1597 1140 1783 1191 tamen

842 1221 1078 1278 dimovit
1106 1218 1729 1290 obstantesspropinquos

923 1306 982 1358 et
1020 1300 1288 1374 populum
1315 1293 1882 1365 reditfflrantem,

763 1402 928 1456 quam
958 1383 1008 1439 si
1036 1382 1300 1438 clientum
1327 1381 1382 1437 lo
1461 1398 1495 1436 a
1521 1436 1523 1438 ,
1628 1379 1741 1442 osta

763 1397 1629 1540 damiam&

797 1538 803 1543 ⁴
830 1530 1082 1603 “tendens
1109 1543 1457 1601 Venafranos
1477 1542 1537 1598 in
1564 1558 1723 1612 agros

926 1632 1027 1684 aut
1055 1624 1552 1683 Lacedaemonium
1582 1623 1895 1679 Tarentum.

1296 1906 1384 1962 VI

770 2008 994 2099 Delicta
1021 2042 1290 2097 maiorum
1319 2039 1612 2095 inmeritus
1640 2037 1775 2108 lues,

773 2124 1041 2193 Romane,
1073 2122 1244 2178 donec
1271 2120 1487 2192 templa
1514 2120 1780 2190 refeceriS,

855 2204 1125 2275 aedesque
1152 2202 1405 2259 labentes
1432 2201 1659 2257 deorum
1689 2205 1747 2256 et

935 2283 1099 2341 foeda
1125 2284 1279 2356 nigro
1308 2283 1604 2340 simulacra
1629 2282 1798 2339 fumo,

774 2366 863 2423 dis
889 2371 947 2423 te
973 2367 1242 2422 minorem
1270 2363 1420 2436 quod
1446 2363 1605 2435 geriS‚
1637 2364 1908 2434 imperas:

778 2448 909 2505 hinc
935 2464 1098 2504 omne
1124 2446 1475 2519 principium,
1505 2444 1616 2500 huc
1641 2444 1784 2501 refer
1813 2443 2044 2500 exitum.

860 2529 917 2585 di
944 2527 1126 2584 multa
1152 2525 1386 2583 neclecti
1413 2525 1683 2582 dederunt

940 2609 1241 2681 Hesperiae
1268 2607 1418 2664 mala
1445 2607 1742 2664 luctuosae.

779 2692 893 2748 iam
919 2690 1006 2747 bis
1034 2689 1324 2747 Monaeses
1352 2694 1411 2745 et
1441 2688 1632 2744 Pacori
1659 2706 1859 2744 manus

778 2791 892 2830 non
918 2773 1230 2843 auspicatos
1260 2770 1517 2827 contudit
1546 2771 1770 2842 inpetus

861 2858 1079 2910 nostros
1108 2857 1166 2909 et
1191 2852 1458 2909 adiecisse
1485 2852 1744 2924 praedam

941 2934 1234 3006 torquibus
1262 2933 1476 3005 exiguis
1503 2934 1731 2990 renidet.

782 3034 954 3090 paene
984 3020 1307 3088 occupatam
1334 3014 1698 3071 seditionibus

783 3098 993 3155 delevit
1019 3097 1213 3153 urbem
1241 3096 1433 3152 Dacus
1461 3100 1518 3152 et
1547 3096 1835 3167 Aethiops,

865 3178 956 3235 hic
984 3177 1157 3235 classe
1184 3176 1533 3248 formidatus,
1565 3177 1658 3233 ille

944 3258 1251 3316 missilibus
1278 3257 1477 3314 melior
1502 3259 1737 3331 sagittis.

785 3340 1023 3399 fecunda
1050 3340 1243 3413 culpae
1271 3338 1492 3396 saecula
1517 3340 1742 3412 nuptias

785 3424 1029 3496 primum
1055 3421 1414 3493 inquinavere
1442 3424 1500 3476 et
1528 3438 1699 3492 genus
1728 3425 1786 3476 et
1815 3420 2007 3476 domos
2030 3441 2043 3475 z

867 3504 971 3560 hoc
996 3504 1154 3559 fonte
1180 3501 1435 3558 derivata
1461 3501 1643 3558 clades

948 3586 1008 3641 in
1035 3585 1275 3657 patriam
1303 3582 1679 3655 populumque
1707 3583 1887 3639 fluxit.

789 3671 975 3723 motus
1001 3665 1186 3722 doceri
1212 3663 1421 3737 gaudet
1449 3664 1665 3721 Ionicos

789 3754 1012 3805 matura
1037 3748 1194 3819 virgo
1221 3752 1279 3803 et
1306 3746 1540 3818 fingitur
1564 3747 1780 3805 artibus

2302 265 2364 318 47

2319 747 2376 794 45

2325 1152 2383 1198 50

2329 1557 2386 1604 55

2346 2788 2404 2820 10
