2792 4334
1054 295 1436 347 CARMINUM
1472 295 1601 345 LIB.
1644 293 1695 343 ΙΙ

800 429 972 487 fertili
1002 430 1220 487 Baccho
1248 432 1539 488 minimum
1571 428 1822 486 Falernis

878 511 1095 568 invidet
1121 513 1261 570 uvis.

799 592 892 649 ille
921 598 979 650 te
1006 612 1223 650 mecum
1250 594 1405 651 locus
1432 599 1490 650 et
1518 593 1712 650 beatae

797 674 1083 746 postulant
1111 691 1277 743 arces,
1310 674 1389 729 ibi
1422 678 1487 728 tu
1511 673 1777 728 calentem

798 756 988 812 debita
1014 772 1237 827 sparges
1264 754 1492 811 lacrima
1516 751 1768 809 favillam

879 837 1027 893 vatis
1054 835 1231 893 amici.

1300 956 1421 1013 VII

801 1052 849 1109 Ο
877 1070 1040 1124 saepe
1069 1069 1284 1108 mecum
1311 1056 1533 1122 tempus
1552 1049 1912 1115 „in‘ulfimmn

800 1133 1036 1190 deducte
1065 1133 1248 1205 Bruto
1257 1130 1683 1203 ωιῃίὲςῐᾼῂΜΑι-ιρςθ,

837 1199 1409 1286 fflonafit
1437 1211 1710 1280 Quiritem

964 1295 1050 1350 dis
1078 1295 1274 1366 patriis
1421 1310 1559 1364 oque
1586 1310 1679 1348 cae
1702 1309 1749 1361 0,

803 1375 1049 1448 Pompei,
1080 1393 1325 1432 meorum
1353 1375 1529 1446 prime
1556 1372 1848 1440 sodalium,

801 1475 927 1514 cum
957 1475 1065 1528 quo
1092 1461 1590 1536 morantemmgaepe
1618 1453 1764 1509 diem
1794 1469 1942 1530 §.123³

887 1538 1029 1614 fir-egi
1056 1541 1345 1594 coronatus
1373 1536 1615 1593 nitentes

968 1617 1313 1675 malobathro
1341 1617 1503 1690 Syrio
1531 1615 1795 1687 capillos?

805 1705 993 1756 tecum
1023 1698 1309 1771 Philippos
1337 1704 1396 1755 et
1425 1698 1654 1755 celerem
1680 1696 1871 1766 fugam

804 1782 951 1837 sensi
978 1780 1171 1836 relicta
1196 1798 1305 1836 non
1332 1780 1474 1836 bene
1500 1777 1766 1850 parmula,

886 1879 1012 1918 cum
1039 1861 1216 1917 fracta
1241 1861 1424 1917 virtus
1451 1863 1508 1916 et
1522 1860 1776 1937 ‘minaces
1862 1875 1893 1938 {a

951 1948 1127 2014 *turpe
1156 1942 1334 1998 solum
1365 1941 1596 2016 tetigere
1626 1942 1829 1995 mente.
1890 1968 1901 1976 “

805 2023 903 2079 sed
931 2041 1020 2082 me
1047 2025 1144 2094 pei·
1164 2020 1697 2080 hostes'Mercurius
1726 2019 1869 2075 celer

805 2100 977 2158 denso
1003 2104 1298 2172 paventem
1329 2098 1562 2155 sustulit
1589 2115 1712 2153 aere
1740 2119 1754 2162 ;

886 2186 943 2238 te
972 2198 1160 2237 rursus
1188 2182 1246 2236 in
1274 2179 1488 2236 bellum
1514 2178 1801 2253 resorbens

1540 2239 1732 2261 W

967 2261 1117 2318 unda
1143 2260 1300 2317 fretis
1331 2260 1469 2316 tulit
1495 2258 1778 2324 aestuosis.

806 2360 936 2415 ergo
963 2342 1072 2399 obli
1113 2341 1466 2427 ataffl
1494 2340 1620 2396 Iovi
1647 2340 1861 2417 Qui,

807 2423 1080 2495 longaque
1107 2361 1314 2480 :fessum
1345 2421 1551 2478 militia
1577 2421 1727 2476 latus

888 2504 1097 2576 depone
1125 2504 1230 2560 sub
1256 2503 1422 2559 lauru
1450 2520 1573 2559 mea
1601 2519 1699 2557 nec

971 2603 1130 2657 parce
1157 2584 1309 2640 cadis
1340 2583 1448 2639 tibi
1477 2582 1786 2639 destinatis.

809 2665 1077 2724 oblivioso
1103 2666 1248 2722 levia
1275 2665 1520 2721 Massico

810 2748 1019 2805 ciboria
1045 2746 1217 2819 exple,
1251 2746 1426 2802 funde
1455 2745 1745 2817 capacibus

837 2811 1176 2900 '‘'u’fi‘guenta
1202 2827 1269 2884 de
1299 2826 1537 2883 conchis,
1628 2826 1749 2918 Quis
1778 2825 1888 2881 udo

974 2909 1330 2986 d-enxeperate
1360 2907 1489 2986 apio,
1514 2903 1738 2984 0131·an

812 2995 1047 3070 §malam
1063 2982 1289 3064 myrto?
1364 2981 2056 3081 *QQJbitrum

813 3071 1254 3150 Qoekbihendi‘l
1335 3088 1449 3126 non
1476 3087 1576 3142 ego
1604 3086 1789 3125 samus
1842 3069 1878 3078 ''
1891 3059 2015 3074 ΨΜ

896 3147 1203 3210 bacchaljor
1232 3151 1442 3207 Edonis
1466 3171 1476 3208 :
1518 3155 1738 3221 recepto

973 3233 1133 3291 dulce
1160 3232 1298 3289 mihi
1326 3232 1509 3288 furere
1536 3237 1624 3288 est
1649 3232 1842 3289 amicO.

1349 3295 1527 3314 *a

811 3498 951 3555 Ulla
977 3500 1027 3555 si
1053 3499 1190 3555 iuris
1218 3498 1325 3555 tibi
1352 3498 1614 3570 perierati

810 3598 1004 3653 poena,
1031 3580 1247 3649 Bai-ine,
1278 3579 1557 3636 nocuisset
1584 3596 1864 3649 umquam,

812 3662 979 3719 dente
1007 3662 1057 3717 si
1085 3662 1242 3733 nigro
1270 3661 1430 3717 fieres
1457 3659 1547 3717 vel
1574 3678 1684 3716 uno

894 3744 1109 3815 turpior
1134 3743 1322 3815 ungui,

1903 1928 1946 1966 f

2357 1796 2413 1827 10

2363 2192 2418 2240 15

2361 2600 2421 2632 20

2365 3003 2423 3050 25
