2792 4334
922 326 1412 380 EPISTULARUM
1448 329 1576 393 Lm,
1616 327 1658 378 1.
1698 326 1726 379 7
2282 333 2373 384 155

514 463 565 518 si
591 459 945 519 fortunatum
972 462 1182 534 species
1210 469 1268 520 et
1293 465 1479 536 gratia
1503 467 1766 537 praestat,

513 560 828 600 mercemur
852 562 1088 615 servum,
1121 545 1219 616 qui
1248 545 1424 603 dictet
1451 548 1690 615 nomina,
1718 546 1939 602 laevum
2319 573 2376 618 50

512 625 614 697 qui
644 623 848 681 fodicet
874 625 1024 681 latus
1051 630 1107 682 et
1136 632 1297 698 cogat
1323 633 1483 684 trans
1509 628 1751 701 pondera
1778 627 2032 684 dextram

511 705 826 779 porrigere:
873 708 886 735 ‘
903 705 993 761 hic
1020 707 1262 764 multum
1288 708 1347 764 in
1378 708 1553 766 Fabia
1579 709 1746 779 valet,
1778 708 1875 765 ille
1903 708 2103 767 Velina
2121 731 2139 782 3

512 788 605 843 cui
635 785 778 843 libet
804 786 893 843 hic
918 787 1095 843 fasces
1123 788 1280 845 dabit
1308 790 1616 862 eripietque
1644 791 1831 846 curule

510 869 612 940 qui
641 867 795 924 volet
820 869 1148 941 inportunus
1177 870 1346 927 ebur.'
1438 873 1452 899 ‘
1467 871 1638 928 frater
1656 872 1668 896 '
1703 874 1716 901 ‘
1736 876 1894 943 pater
1909 873 1922 898 ²
1952 873 2092 930 adde
2113 895 2129 947 3

451 1016 456 1021 ¹
509 954 579 1006 ut
607 950 808 1021 cuique
835 956 919 1006 est
946 955 1115 1021 aetas,
1148 951 1233 1007 ita
1259 969 1533 1024 quemque
1558 953 1774 1010 facetus
1802 953 2020 1025 adopta.
2319 978 2373 1024 55

509 1031 560 1087 si
585 1030 732 1087 bene
758 1031 856 1103 qui
882 1036 1044 1088 cenat
1069 1031 1211 1089 bene
1239 1034 1397 1104 vivit,
1432 1033 1594 1105 lucet,
1630 1052 1818 1090 eamus

510 1129 625 1184 quo
653 1111 812 1168 ducit
836 1112 982 1184 gula,
1014 1113 1303 1186 piscemur,
1333 1132 1615 1186 venemur,
1649 1119 1713 1171 ut
1740 1116 1875 1172 olim

511 1192 814 1264 Gargilius,
848 1194 943 1266 qui
970 1212 1131 1251 mane
1160 1194 1368 1267 plagas,
1403 1196 1692 1268 venabula,
1724 1215 1911 1253 servos

508 1273 800 1330 differtum
827 1276 1064 1332 transire
1090 1275 1271 1332 forum
1299 1277 1679 1350 populumque
1705 1279 1949 1348 iubebat,

508 1372 659 1411 unus
687 1360 755 1412 ut
782 1373 811 1412 e
838 1356 1034 1413 multis
1060 1357 1264 1429 populo
1293 1363 1579 1430 spectante
1609 1360 1839 1416 referret
2315 1373 2375 1416 60

508 1441 768 1508 emptum
793 1437 977 1494 mulus
1005 1456 1215 1510 aprum.
1299 1440 1456 1496 crudi
1482 1440 1794 1513 tumidique
1822 1441 2085 1512 lavemur,

508 1518 650 1590 quid
678 1518 885 1591 deceat,
917 1519 1054 1591 quid
1080 1538 1207 1591 non,
1241 1520 1418 1592 obliti,
1454 1520 1676 1579 Caerite
1703 1540 1826 1578 cera

508 1599 684 1671 digni,
718 1600 1008 1673 remigium
1036 1601 1302 1658 vitiosum
1330 1601 1648 1659 Ithacensis
1676 1602 1885 1674 Ulixei,

509 1682 600 1737 cui
631 1681 815 1752 potior
840 1683 1023 1753 patria
1047 1682 1158 1738 fuit
1185 1682 1486 1739 interdicta
1509 1683 1786 1756 voluptas

509 1762 574 1832 si,
609 1761 979 1819 Mimnermus
1007 1764 1093 1819 uti
1121 1768 1321 1835 censet,
1354 1765 1476 1821 sine
1501 1783 1687 1821 amore
1713 1766 1953 1838 iocisque
2114 1805 2116 1807 ψ
2314 1778 2373 1836 65

509 1843 593 1898 nil
624 1847 710 1899 est
737 1843 1054 1917 iucundum,
1086 1845 1246 1902 vivas
1272 1846 1330 1901 in
1359 1863 1543 1902 amore
1570 1847 1828 1918 iocisque.

509 1925 657 1995 vive,
683 1924 830 1982 vale.
916 1927 966 1982 si
993 1925 1126 1998 quid
1156 1927 1362 1996 novisti
1389 1927 1593 1984 rectius
1621 1928 1761 1998 istis,

509 2005 784 2063 candidus
810 2006 1048 2079 inperti:
1091 2009 1139 2064 si
1168 2007 1262 2078 nil,
1293 2007 1382 2064 his
1411 2012 1565 2066 utere
1593 2026 1823 2066 mecum.

1257 2203 1377 2260 VII

511 2322 777 2395 Quinque
802 2322 918 2380 dies
945 2323 1053 2380 tibi
1079 2323 1360 2397 pollicitus
1388 2342 1479 2381 me
1505 2343 1634 2382 rure
1660 2325 1929 2397 futurum,

511 2403 789 2475 Sextilem
816 2409 1000 2461 totum
1027 2405 1268 2461 mendax
1294 2404 1587 2463 desideror.
1676 2408 1849 2479 atqui,

508 2486 559 2542 si
585 2503 679 2542 me
706 2486 892 2542 vivere
918 2487 1006 2542 vis
1033 2504 1231 2542 sanum
1258 2491 1515 2559 recteque
1540 2487 1839 2559 valentem,

509 2584 684 2639 quam
711 2566 851 2623 mihi
878 2567 979 2623 das
1006 2585 1185 2639 aegr0,
1217 2567 1375 2624 dabis
1405 2573 1688 2640 aegrotare
1716 2570 1956 2642 timenti,

510 2647 825 2717 Maecenas,
857 2647 1093 2716 veniam,
1120 2648 1256 2704 dum
1285 2648 1425 2704 ficus
1452 2650 1632 2721 prima
1659 2650 1912 2723 calorque
2109 2696 2112 2698 Α
2329 2683 2356 2729 5

509 2728 940 2800 dissignatorem
967 2728 1193 2786 decorat
1219 2729 1507 2786 lictoribus
1533 2731 1686 2805 atris,

508 2809 649 2866 dum
676 2810 862 2881 pueris
889 2810 1067 2866 omnis
1095 2815 1253 2881 pater
1280 2815 1337 2867 et
1364 2810 1669 2867 matercula
1694 2812 1884 2883 pallet,

509 2890 862 2963 officiosaque
889 2890 1158 2948 sedulitas
1188 2896 1245 2948 et
1273 2891 1455 2964 opella
1480 2892 1712 2948 forensis

508 2971 744 3028 adducit
771 2972 950 3029 febres
976 2976 1036 3028 et
1062 2976 1403 3030 testamenta
1428 2973 1687 3045 resignat.

480 3060 482 3063 '
509 3053 714 3124 quodsi
741 3053 939 3109 bruma
964 3053 1122 3110 nives
1152 3054 1387 3110 Albanis
1416 3054 1618 3111 inlinet
1644 3056 1804 3127 agris,
2316 3081 2372 3113 10

508 3134 583 3191 ad
613 3152 767 3191 mare
793 3134 1086 3191 descendet
1114 3139 1274 3191 vates
1301 3140 1437 3192 tuus
1464 3140 1520 3192 et
1547 3135 1659 3192 sibi
1684 3141 1873 3208 parcet

509 3219 938 3289 contractusque
966 3214 1114 3287 leget
1133 3235 1151 3287 3
1194 3220 1265 3287 te,
1296 3215 1478 3272 dulcis
1505 3217 1693 3287 amice,
1725 3219 1931 3274 reviset

510 3313 641 3353 cum
670 3296 954 3371 Zephyris,
987 3298 1036 3353 si
1063 3297 1339 3368 concedes,
1373 3302 1434 3354 et
1462 3297 1755 3354 hirundine
1784 3299 1978 3370 prima„

509 3395 624 3434 non
654 3396 766 3451 quo
791 3396 943 3435 more
971 3379 1108 3451 piris
1134 3378 1285 3434 vesci
1314 3377 1552 3435 Calaber
1579 3378 1736 3435 iubet
1763 3378 1962 3451 hospes

511 3463 579 3515 tu
607 3477 699 3517 me
727 3459 909 3517 fecisti
935 3459 1285 3532 locupletem.
1379 3461 1395 3488 ‘
1416 3477 1635 3516 vescere
1661 3459 1857 3518 sodes.'
2316 3484 2373 3532 15

471 3543 488 3571 ‘
506 3541 621 3599 iam
649 3542 791 3598 satis
817 3541 937 3598 est.'
1026 3543 1040 3570 ‘
1056 3546 1116 3597 at
1143 3546 1211 3597 tu
1236 3546 1509 3613 quantum
1537 3542 1628 3597 vis
1654 3540 1822 3598 tolle.'
1910 3545 1924 3572 ‘
1940 3541 2208 3615 benigne?

474 3624 489 3651 ‘
510 3640 625 3680 non
651 3623 835 3679 invisa
860 3623 1002 3679 feres
1028 3622 1214 3694 pueris
1240 3622 1572 3679 munuscula
1599 3623 1820 3694 parvis.⁷

474 3706 490 3733 ‘
511 3709 634 3761 tam
663 3709 856 3761 teneor
881 3704 1040 3774 don0‚
1072 3722 1241 3776 quam
1268 3706 1316 3760 si
1343 3704 1608 3761 dimittar
1635 3704 1901 3761 onustus.'

476 3786 492 3813 ‘
512 3790 579 3840 ut
607 3786 785 3843 libet:
827 3784 963 3842 haec
989 3786 1169 3856 porcis
1198 3785 1359 3842 hodie
1388 3786 1724 3842 comedenda
1750 3786 2064 3857 relinques!
