2792 4334
992 297 1376 350 CARMINUM
1415 298 1543 348 LIB.
1588 298 1659 346 IV

768 448 920 502 gens,
953 449 1095 503 quae
1125 436 1366 488 cremato
1395 430 1555 487 fortis
1583 430 1655 485 ab
1683 429 1791 484 Ilio

766 513 975 569 iactata
1002 513 1196 569 Tuscis
1225 513 1553 585 aequoribus
1581 528 1735 567 sacra

849 599 1117 666 natosque
1145 599 1501 667 maturosque
1527 599 1712 666 patres

927 676 1159 747 pertulit
1186 676 1464 732 Ausonias
1491 675 1564 731 ad
1590 674 1767 744 urbes,

773 756 927 811 duris
956 763 1022 812 ut
1050 757 1160 813 ilex
1188 761 1215 812 t
1248 775 1351 812 nsa
1378 755 1709 849 bipennibus

770 837 960 902 nirae
987 836 1155 893 feraci
1206 837 1439 893 rondis
1423 856 1481 893 1n
1525 859 1543 889 A
1594 865 1613 903 2
1715 879 1730 905 ‚

910 972 1811 1135 Q·

845 1098 882 1135 n
1694 1080 1705 1091 .

851 1247 1234 1317 monstrumve
1260 1243 1586 1298 summisere
1616 1241 1810 1299 Colchi

932 1324 1112 1379 maius
1142 1301 1774 1380 Echimbae.

772 1422 975 1500 merses
772 1404 1309 1549 mmprniffindm
1351 1404 1630 1486 pulchrior
1656 1404 1875 1461 evenit:

1004 1507 1016 1519 ·
1058 1504 1115 1542 m
1177 1491 1204 1542 t
1521 1485 1533 1497 ”

772 1485 1018 1558 mm,

853 1585 981 1623 cum
1007 1567 1172 1623 laude
1198 1567 1316 1623 vict
1495 1571 1759 1641 geretque

876 1585 1468 1741 Weffl
1337 1649 1500 1723 gibus
1526 1647 1815 1723 loquenda.

776 1729 1159 1801 Karthagini
1144 1747 1257 1786 1am
1285 1748 1395 1786 non
1425 1747 1524 1801 ego
1553 1731 1778 1786 nuntios

775 1811 1002 1867 mittam
1029 1812 1326 1883 superbos:
1372 1810 1589 1881 occidit,
1621 1810 1820 1880 occidit

857 1910 982 1965 spes
1010 1893 1187 1949 omnis
1216 1898 1274 1948 et
1301 1893 1527 1948 fortuna
1555 1893 1734 1948 nostri

936 1974 1175 2030 nominis
1206 1973 1560 2029 Hasdrubale
1590 1974 1937 2044 interempto,

1894 2057 1937 2068 0——

776 2054 858 2110 nil
885 2054 1152 2111 Claudiae
1179 2073 1289 2111 non
1318 2055 1606 2127 perficient
1633 2072 1845 2124 manUS,

776 2154 913 2209 quas
940 2141 999 2192 et
1026 2135 1265 2208 benigno
1294 2137 1521 2192 numine
1551 2136 1808 2208 Iuppiter

857 2217 1107 2273 defendit
1134 2222 1192 2273 et
1222 2236 1383 2274 curae
1412 2235 1636 2289 sagaces

939 2299 1243 2385 exffidiunt
1269 2317 1366 2375 per
1358 2305 1558 2395 38111ῑᾶ
1587 2297 1756 2379 belli!

1316 2447 1369 2501 V
1802 2371 1898 2479 ,Χ

778 2541 944 2597 Divis
974 2547 1093 2597 orte
1122 2541 1296 2610 bonis,
1331 2541 1538 2613 optime
1568 2539 1838 2596 Romulae

777 2627 963 2679 custos
990 2623 1190 2695 gentis,
1224 2622 1354 2678 abes
1384 2622 1496 2678 iam
1524 2621 1759 2676 nimium
1787 2621 1883 2676 diu
1905 2641 1921 2691 ;

778 2710 1061 2760 maturum
1087 2703 1328 2760 reditum
1358 2702 1643 2775 pollicitus
1668 2706 1890 2774 patrum

862 2790 1053 2841 sancto
1082 2784 1325 2855 concili0‚
1360 2784 1492 2840 redi.

779 2865 958 2935 lucem
985 2866 1151 2922 redde
1182 2871 1328 2934 tuae,
1363 2864 1478 2921 dux
1504 2865 1663 2935 bone,
1695 2864 1907 2936 patriae
1930 2885 1941 2920 :

664 2970 669 2975 ¹
780 2948 957 3003 instar
984 2947 1130 3003 veris
1159 2947 1306 3003 enim
1336 2946 1530 3002 vultus
1557 2946 1657 3001 ubi
1685 2950 1816 3001 tuus

779 3028 1013 3084 adfulsit
1041 3027 1259 3100 popu10,
1289 3028 1497 3100 gratior
1525 3027 1574 3082 it
1602 3027 1719 3082 dies

861 3114 918 3165 et
946 3109 1088 3166 soles
1115 3108 1314 3165 melius
1342 3109 1540 3166 nitent.

780 3195 847 3246 ut
873 3196 1054 3247 mater
1077 3191 1352 3260 iuvenem,
1387 3207 1552 3261 quem
1583 3188 1771 3245 Notus
1800 3188 1989 3243 invido

781 3271 921 3328 flatu
950 3271 1243 3344 Carpathii
1272 3277 1428 3327 trans
1455 3270 1626 3326 maris
1655 3287 1890 3341 aequora

783 3358 1137 3410 cunctantem
1169 3353 1352 3424 spatio
1380 3351 1599 3424 longius
1627 3368 1811 3407 annuo

863 3434 1011 3491 dulci
1039 3434 1272 3490 distinet
1298 3452 1332 3489 a
1360 3433 1539 3504 dom0‚
1624 3479 1632 3511 Ι

783 3515 930 3572 votis
958 3515 1343 3587 ominibusque
1372 3521 1431 3571 et
1458 3512 1710 3586 precibus
1738 3517 1915 3585 vocat,

783 3614 949 3653 curvo
978 3615 1078 3653 nec
1107 3597 1301 3652 faciem
1329 3596 1494 3652 litore
1522 3595 1807 3651 dimovet:

784 3678 863 3734 sic
889 3677 1178 3735 desideriis
1205 3678 1318 3734 icta
1345 3676 1605 3733 fidelibus

865 3760 1084 3832 quaerit
1110 3760 1293 3833 patria
1322 3758 1632 3816 Caesarem.

2318 296 2379 350 71

2325 614 2383 661 55

2327 1008 2387 1052 60

2333 1833 2391 1875 70

2334 2235 2394 2284 75

2345 3292 2401 3322 10
