2792 4334
922 316 1417 369 EPISTULARUM
1450 316 1580 367 LIB.
1620 315 1658 366 Ι.
1696 316 1724 363 6

1289 502 1346 560 V

507 622 572 680 Si
600 625 763 693 potes
789 620 1073 677 Archiacis
1102 623 1337 678 conviva
1363 621 1678 678 recumbere
1705 618 1866 676 lectis

505 720 611 760 nec
638 702 852 758 modica
879 720 1070 759 cenare
1098 703 1264 759 times
1289 702 1455 760 holus
1481 721 1642 759 omne
1667 701 1891 774 patella,

505 801 766 856 supremo
792 788 849 840 te
876 783 990 840 sole
1017 784 1184 856 domi,
1217 784 1509 857 Torquate,
1541 783 1789 840 manebo,

506 866 643 921 vina
669 864 825 921 bibes
850 865 1054 920 iterum
1083 864 1265 922 Tauro
1292 865 1498 922 diffusa
1522 865 1799 938 palustres

503 947 657 1002 inter
684 944 1004 1001 Minturnas
1031 945 1537 1019 Sinuessanumque
1565 946 1889 1003 Petrinum:

502 1028 555 1083 si
581 1026 784 1083 melius
812 1027 946 1099 quid
972 1026 1160 1098 habeS,
1192 1045 1417 1100 arcesse,
1449 1027 1539 1084 vel
1560 1027 1859 1102 imperium
1885 1026 1979 1083 fer.

503 1107 834 1164 iamdudum
860 1108 1116 1179 splendet
1143 1108 1297 1165 focus
1324 1113 1385 1166 et
1412 1109 1519 1165 tibi
1546 1109 1755 1164 munda
1782 1107 2040 1179 supellex.

504 1191 674 1245 mitte
701 1188 851 1246 leves
879 1207 1004 1261 spes
1031 1194 1089 1246 et
1116 1190 1421 1246 certamina
1447 1189 1773 1246 divitiarum

505 1275 565 1326 et
594 1269 818 1327 Moschi
845 1288 1067 1327 causam
1091 1292 1105 1329 ε
1150 1289 1268 1327 cras
1294 1276 1431 1328 nato
1459 1270 1694 1328 Caesare
1721 1270 1900 1327 festus

502 1351 607 1408 dat
634 1352 856 1408 veniam
882 1370 1246 1424 somnumque
1274 1352 1393 1410 dies
1412 1374 1431 1427 3
1469 1352 1674 1425 inpune
1701 1352 1895 1409 licebit

503 1433 783 1490 aestivam
810 1451 1057 1491 sermone
1082 1433 1322 1507 benigno
1349 1433 1578 1491 tendere
1604 1438 1841 1492 noctem.

502 1531 618 1586 quo
643 1514 785 1570 mihi
813 1515 1107 1586 fortunam,
1140 1516 1190 1571 si
1217 1534 1327 1572 non
1355 1515 1676 1573 conceditur
1701 1515 1829 1573 uti?

502 1613 703 1668 parcus
733 1595 805 1652 ob
831 1596 1046 1653 heredis
1073 1615 1260 1653 curam
1287 1597 1632 1669 nimiumque
1658 1614 1881 1653 severus

504 1676 732 1734 adsidet
758 1677 987 1735 insano:
1028 1682 1222 1750 potare
1250 1683 1308 1735 et
1335 1696 1592 1751 spargere
1619 1678 1780 1734 flores

501 1759 769 1830 incipiam
797 1759 1083 1831 patiarque
1112 1760 1204 1816 vel
1230 1760 1577 1817 inconsultus
1603 1758 1808 1817 haberi.

502 1839 643 1912 quid
669 1858 781 1896 non
810 1840 1044 1897 ebrietas
1071 1841 1345 1913 dissignat
1367 1841 1389 1898 2
1470 1845 1662 1912 operta
1688 1840 1939 1914 recludit,

501 1939 631 1993 spes
657 1922 817 1978 iubet
843 1939 961 1979 esse
988 1926 1154 1995 ratas,
1190 1922 1261 1979 ad
1287 1922 1497 1995 proelia
1522 1921 1704 1979 trudit
1730 1922 1980 1994 inertem,

500 2002 763 2060 sollicitis
789 2002 989 2060 animis
1017 2022 1157 2060 onus
1187 2004 1398 2076 eximit,
1431 2003 1664 2061 addocet
1690 2008 1854 2062 artes

500 2083 729 2141 fecundi
756 2084 948 2142 calices
976 2103 1140 2158 quem
1170 2103 1279 2142 non
1305 2086 1481 2143 fecere
1507 2086 1794 2158 disertum,

504 2170 796 2223 contracta
821 2185 987 2239 quem
1013 2185 1125 2223 non
1155 2168 1213 2223 in
1241 2171 1570 2239 paupertate
1598 2167 1885 2225 solutum?

501 2246 640 2304 haec
668 2265 770 2320 ego
795 2265 1082 2320 procurare
1112 2253 1171 2305 et
1198 2249 1429 2305 idoneus
1453 2248 1692 2321 imperor
1719 2253 1776 2305 et
1804 2266 1915 2305 non

501 2329 736 2401 invitus,
768 2347 838 2386 ne
864 2333 1026 2402 turpe
1053 2329 1215 2400 toral,
1246 2347 1313 2387 ne
1341 2329 1564 2386 sordida
1589 2348 1795 2403 mappa

502 2414 772 2481 conruget
797 2429 973 2482 nares,
1005 2429 1076 2468 ne
1101 2429 1216 2467 non
1243 2415 1300 2467 et
1327 2410 1628 2468 cantharus
1655 2416 1711 2468 et
1738 2410 1875 2468 lanx

501 2492 766 2549 ostendat
792 2492 897 2549 tibi
925 2497 998 2565 te,
1029 2511 1099 2549 ne
1128 2493 1268 2549 fidos
1293 2493 1443 2549 inter
1469 2492 1674 2550 amicos

499 2574 579 2630 sit
606 2574 707 2646 qui
735 2572 886 2631 dicta
911 2573 1057 2630 foras
1086 2574 1352 2646 eliminet,
1385 2577 1452 2631 ut
1481 2577 1637 2631 coeat
1662 2591 1763 2646 par

501 2654 880 2727 iungaturque
906 2655 1040 2727 pari.
1106 2656 1341 2712 Butram
1370 2655 1480 2712 tibi
1507 2655 1924 2729 Septiciumque

501 2740 562 2793 et
588 2736 700 2792 nisi
728 2754 863 2793 cena
889 2738 1038 2808 prior
1064 2737 1353 2809 potiorque
1381 2734 1569 2808 puella
1597 2735 1867 2793 Sabinum

501 2817 725 2874 detinet
751 2817 1039 2874 adsumam
1063 2840 1075 2875 :
1118 2817 1269 2874 locus
1297 2821 1385 2874 est
1413 2823 1471 2875 et
1497 2817 1750 2889 pluribus
1776 2818 1987 2875 umbris
2010 2840 2029 2892 3

501 2898 601 2955 sed
630 2898 801 2954 nimis
828 2903 951 2955 arta
977 2904 1239 2971 premunt
1267 2898 1447 2955 olidae
1475 2899 1729 2955 convivia
1755 2917 1962 2971 caprae.

501 2983 571 3036 tu
597 2983 809 3052 quotus
835 2998 952 3036 esse
980 2979 1116 3037 velis
1144 2980 1382 3037 rescribe
1411 2985 1470 3037 et
1495 2980 1662 3037 rebus
1689 2979 1909 3037 omissis

501 3061 651 3118 atria
676 3066 993 3119 servantem
1020 3060 1235 3133 postico
1262 3061 1394 3118 falle
1423 3061 1692 3119 clientem.

1272 3247 1361 3304 VI

504 3366 607 3424 Nil
638 3367 899 3424 admirari
926 3386 1095 3441 prope
1122 3385 1212 3424 res
1237 3371 1322 3424 est
1348 3386 1479 3440 una,
1511 3367 1756 3438 Numici,

499 3447 734 3522 solaque
761 3467 900 3521 quae
928 3451 1104 3522 possit
1130 3449 1307 3506 facere
1335 3454 1395 3506 et
1423 3466 1643 3506 servare
1668 3448 1911 3506 beatum.

501 3529 655 3587 hunc
682 3530 852 3586 solem
881 3534 939 3587 et
967 3531 1160 3588 stellas
1189 3536 1246 3587 et
1273 3530 1597 3587 decedentia
1623 3529 1788 3586 certis

502 3615 763 3685 tempora
788 3614 1081 3669 momentis
1109 3617 1244 3669 sunt
1271 3612 1369 3684 qui
1397 3612 1695 3668 formidine
1721 3611 1878 3668 nulla

501 3692 692 3750 inbuti
719 3697 985 3765 spectent.
1071 3694 1210 3767 quid
1236 3710 1428 3750 censes
1453 3710 1685 3749 munera
1711 3694 1928 3750 terrae?

503 3775 643 3847 quid
670 3774 841 3831 maris
869 3779 1143 3833 extremos
1171 3774 1388 3832 Arabas
1417 3773 1654 3831 ditantis
1680 3779 1738 3831 et
1766 3775 1977 3831 Indos?

2269 320 2362 369 153

2309 1377 2366 1409 10

2306 2191 2368 2223 20

2307 3006 2368 3053 30
