<?xml version="1.0" encoding="UTF-8"?>
<!DOCTYPE html PUBLIC "-//W3C//DTD XHTML 1.0 Transitional//EN"
    "http://www.w3.org/TR/xhtml1/DTD/xhtml1-transitional.dtd">
<html xmlns="http://www.w3.org/1999/xhtml" xml:lang="en" lang="en">
 <head>
  <title>
</title>
<meta http-equiv="Content-Type" content="text/html;charset=utf-8" />
  <meta name='ocr-system' content='tesseract 3.04.00' />
  <meta name='ocr-capabilities' content='ocr_page ocr_carea ocr_par ocr_line ocrx_word'/>
</head>
<body>
  <div class='ocr_page' id='page_1' title='image "./opera00pagegoog_0149.png"; bbox 0 0 2792 4334; ppageno 0'>
   <div class='ocr_carea' id='block_1_1' title="bbox 968 302 1705 357">
    <p class='ocr_par' dir='ltr' id='par_1_1' title="bbox 968 302 1705 357">
     <span class='ocr_line' id='line_1_1' title="bbox 968 302 1705 357; baseline 0.005 -7"><span class='ocrx_word' id='word_1_1' title='bbox 968 302 1362 355; x_wconf 80' lang='lat' dir='ltr'><strong>SERMONUM</strong></span> <span class='ocrx_word' id='word_1_2' title='bbox 1398 306 1530 357; x_wconf 87' lang='lat' dir='ltr'><strong>LIB.</strong></span> <span class='ocrx_word' id='word_1_3' title='bbox 1571 307 1638 357; x_wconf 95' lang='lat' dir='ltr'>II.</span> <span class='ocrx_word' id='word_1_4' title='bbox 1681 311 1705 354; x_wconf 92' lang='lat'>1</span> 
     </span>
    </p>
   </div>
   <div class='ocr_carea' id='block_1_2' title="bbox 394 431 2021 1411">
    <p class='ocr_par' dir='ltr' id='par_1_2' title="bbox 432 431 1974 757">
     <span class='ocr_line' id='line_1_2' title="bbox 437 431 1748 509; baseline 0.006 -20"><span class='ocrx_word' id='word_1_5' title='bbox 437 431 692 490; x_wconf 80' lang='lat' dir='ltr'>Caesaris</span> <span class='ocrx_word' id='word_1_6' title='bbox 722 435 918 491; x_wconf 85' lang='lat' dir='ltr'>invicti</span> <span class='ocrx_word' id='word_1_7' title='bbox 946 454 1032 492; x_wconf 89' lang='lat' dir='ltr'>res</span> <span class='ocrx_word' id='word_1_8' title='bbox 1061 438 1256 509; x_wconf 82' lang='lat' dir='ltr'>dicere,</span> <span class='ocrx_word' id='word_1_9' title='bbox 1289 441 1470 498; x_wconf 88' lang='lat' dir='ltr'>multa</span> <span class='ocrx_word' id='word_1_10' title='bbox 1496 441 1748 499; x_wconf 89' lang='lat' dir='ltr'>laborum</span> 
     </span>
     <span class='ocr_line' id='line_1_3' title="bbox 433 514 1974 596; baseline 0.007 -26"><span class='ocrx_word' id='word_1_11' title='bbox 433 514 684 586; x_wconf 88' lang='lat' dir='ltr'>praemia</span> <span class='ocrx_word' id='word_1_12' title='bbox 712 515 962 575; x_wconf 76' lang='lat' dir='ltr'>laturus.²</span> <span class='ocrx_word' id='word_1_13' title='bbox 1052 520 1066 546; x_wconf 89' lang='lat'>‘</span> <span class='ocrx_word' id='word_1_14' title='bbox 1083 520 1362 593; x_wconf 89' lang='lat' dir='ltr'>cupidum,</span> <span class='ocrx_word' id='word_1_15' title='bbox 1394 529 1554 595; x_wconf 89' lang='lat' dir='ltr'>pater</span> <span class='ocrx_word' id='word_1_16' title='bbox 1582 524 1801 596; x_wconf 87' lang='lat' dir='ltr'>optime,</span> <span class='ocrx_word' id='word_1_17' title='bbox 1829 525 1974 581; x_wconf 88' lang='lat' dir='ltr'>vires</span> 
     </span>
     <span class='ocr_line' id='line_1_4' title="bbox 433 594 1813 676; baseline 0.006 -25"><span class='ocrx_word' id='word_1_18' title='bbox 433 594 736 654; x_wconf 87' lang='lat' dir='ltr'>deficiunt:</span> <span class='ocrx_word' id='word_1_19' title='bbox 780 616 959 669; x_wconf 91' lang='lat' dir='ltr'>neque</span> <span class='ocrx_word' id='word_1_20' title='bbox 987 601 1137 656; x_wconf 91' lang='lat' dir='ltr'>enim</span> <span class='ocrx_word' id='word_1_21' title='bbox 1165 603 1350 673; x_wconf 86' lang='lat' dir='ltr'>quivis</span> <span class='ocrx_word' id='word_1_22' title='bbox 1379 604 1661 662; x_wconf 80' lang='lat' dir='ltr'>horrentia</span> <span class='ocrx_word' id='word_1_23' title='bbox 1687 605 1813 676; x_wconf 91' lang='lat' dir='ltr'>pilis</span> 
     </span>
     <span class='ocr_line' id='line_1_5' title="bbox 432 678 1785 757; baseline 0.007 -26"><span class='ocrx_word' id='word_1_24' title='bbox 432 678 658 748; x_wconf 85' lang='lat' dir='ltr'>agmina</span> <span class='ocrx_word' id='word_1_25' title='bbox 687 696 784 734; x_wconf 91' lang='lat' dir='ltr'>nec</span> <span class='ocrx_word' id='word_1_26' title='bbox 812 679 990 737; x_wconf 88' lang='lat' dir='ltr'>fracta</span> <span class='ocrx_word' id='word_1_27' title='bbox 1017 688 1311 753; x_wconf 83' lang='lat' dir='ltr'>pereuntes</span> <span class='ocrx_word' id='word_1_28' title='bbox 1341 685 1567 757; x_wconf 86' lang='lat' dir='ltr'>cuspide</span> <span class='ocrx_word' id='word_1_29' title='bbox 1596 685 1785 743; x_wconf 83' lang='lat' dir='ltr'>Gallos</span> 
     </span>
    </p>

    <p class='ocr_par' dir='ltr' id='par_1_3' title="bbox 431 757 1788 832">
     <span class='ocr_line' id='line_1_6' title="bbox 431 757 1788 832; baseline 0.009 -19"><span class='ocrx_word' id='word_1_30' title='bbox 431 764 533 814; x_wconf 92' lang='lat' dir='ltr'>aut</span> <span class='ocrx_word' id='word_1_31' title='bbox 560 757 804 814; x_wconf 85' lang='lat' dir='ltr'>labentis</span> <span class='ocrx_word' id='word_1_32' title='bbox 834 779 973 832; x_wconf 91' lang='lat' dir='ltr'>equo</span> <span class='ocrx_word' id='word_1_33' title='bbox 1002 762 1267 820; x_wconf 70' lang='lat' dir='ltr'>describit</span> <span class='ocrx_word' id='word_1_34' title='bbox 1296 766 1528 823; x_wconf 87' lang='lat' dir='ltr'>vulnera</span> <span class='ocrx_word' id='word_1_35' title='bbox 1555 767 1788 825; x_wconf 62' lang='lat' dir='ltr'>Partht&#39;</span> 
     </span>
    </p>

    <p class='ocr_par' dir='ltr' id='par_1_4' title="bbox 395 841 2021 1245">
     <span class='ocr_line' id='line_1_7' title="bbox 395 841 1847 920; baseline 0.008 -25"><span class='ocrx_word' id='word_1_36' title='bbox 395 841 410 868; x_wconf 91' lang='lat'>‘</span> <span class='ocrx_word' id='word_1_37' title='bbox 426 844 681 895; x_wconf 86' lang='lat' dir='ltr'>attamen</span> <span class='ocrx_word' id='word_1_38' title='bbox 710 845 766 896; x_wconf 86' lang='lat' dir='ltr'>et</span> <span class='ocrx_word' id='word_1_39' title='bbox 794 842 1006 898; x_wconf 89' lang='lat' dir='ltr'>iustum</span> <span class='ocrx_word' id='word_1_40' title='bbox 1033 850 1253 916; x_wconf 88' lang='lat' dir='ltr'>poteras</span> <span class='ocrx_word' id='word_1_41' title='bbox 1283 852 1340 903; x_wconf 89' lang='lat' dir='ltr'>et</span> <span class='ocrx_word' id='word_1_42' title='bbox 1368 848 1605 905; x_wconf 90' lang='lat' dir='ltr'>scribere</span> <span class='ocrx_word' id='word_1_43' title='bbox 1632 849 1847 920; x_wconf 88' lang='lat' dir='ltr'>fortem,</span> 
     </span>
     <span class='ocr_line' id='line_1_8' title="bbox 432 919 2021 1003; baseline 0.006 -25"><span class='ocrx_word' id='word_1_44' title='bbox 432 919 754 992; x_wconf 87' lang='lat' dir='ltr'>Scipiadam</span> <span class='ocrx_word' id='word_1_45' title='bbox 781 927 848 978; x_wconf 90' lang='lat' dir='ltr'>ut</span> <span class='ocrx_word' id='word_1_46' title='bbox 876 925 1094 995; x_wconf 89' lang='lat' dir='ltr'>sapiens</span> <span class='ocrx_word' id='word_1_47' title='bbox 1123 926 1409 986; x_wconf 87' lang='lat' dir='ltr'>Lucilius.&#39;</span> <span class='ocrx_word' id='word_1_48' title='bbox 1499 931 1513 957; x_wconf 89' lang='lat'>‘</span> <span class='ocrx_word' id='word_1_49' title='bbox 1530 930 1681 986; x_wconf 89' lang='lat' dir='ltr'>haud</span> <span class='ocrx_word' id='word_1_50' title='bbox 1710 931 1849 986; x_wconf 89' lang='lat' dir='ltr'>mihi</span> <span class='ocrx_word' id='word_1_51' title='bbox 1877 931 2021 1003; x_wconf 81' lang='lat' dir='ltr'>dem,</span> 
     </span>
     <span class='ocr_line' id='line_1_9' title="bbox 431 1003 1912 1083; baseline 0.009 -28"><span class='ocrx_word' id='word_1_52' title='bbox 431 1019 558 1057; x_wconf 89' lang='lat' dir='ltr'>cum</span> <span class='ocrx_word' id='word_1_53' title='bbox 584 1019 674 1057; x_wconf 87' lang='lat' dir='ltr'>res</span> <span class='ocrx_word' id='word_1_54' title='bbox 702 1003 823 1075; x_wconf 90' lang='lat' dir='ltr'>ipsa</span> <span class='ocrx_word' id='word_1_55' title='bbox 848 1004 990 1061; x_wconf 83' lang='lat' dir='ltr'>feret</span> <span class='ocrx_word' id='word_1_56' title='bbox 1014 1027 1025 1062; x_wconf 92' lang='lat'>:</span> <span class='ocrx_word' id='word_1_57' title='bbox 1069 1008 1179 1062; x_wconf 89' lang='lat' dir='ltr'>nisi</span> <span class='ocrx_word' id='word_1_58' title='bbox 1206 1008 1403 1066; x_wconf 82' lang='lat' dir='ltr'>dextro</span> <span class='ocrx_word' id='word_1_59' title='bbox 1432 1015 1694 1083; x_wconf 88' lang='lat' dir='ltr'>tempore,</span> <span class='ocrx_word' id='word_1_60' title='bbox 1730 1012 1912 1068; x_wconf 88' lang='lat' dir='ltr'>Flacci</span> 
     </span>
     <span class='ocr_line' id='line_1_10' title="bbox 428 1083 1885 1161; baseline 0.008 -23"><span class='ocrx_word' id='word_1_61' title='bbox 428 1083 603 1139; x_wconf 86' lang='lat' dir='ltr'>verba</span> <span class='ocrx_word' id='word_1_62' title='bbox 630 1101 729 1155; x_wconf 89' lang='lat' dir='ltr'>per</span> <span class='ocrx_word' id='word_1_63' title='bbox 756 1090 1035 1142; x_wconf 80' lang='lat' dir='ltr'>attentam</span> <span class='ocrx_word' id='word_1_64' title='bbox 1065 1106 1176 1144; x_wconf 90' lang='lat' dir='ltr'>non</span> <span class='ocrx_word' id='word_1_65' title='bbox 1204 1089 1370 1146; x_wconf 91' lang='lat' dir='ltr'>ibunt</span> <span class='ocrx_word' id='word_1_66' title='bbox 1401 1091 1652 1148; x_wconf 83' lang='lat' dir='ltr'>Caesaris</span> <span class='ocrx_word' id='word_1_67' title='bbox 1681 1111 1885 1161; x_wconf 90' lang='lat' dir='ltr'>aurem,</span> 
     </span>
     <span class='ocr_line' id='line_1_11' title="bbox 429 1164 1885 1245; baseline 0.009 -27"><span class='ocrx_word' id='word_1_68' title='bbox 429 1164 519 1220; x_wconf 85' lang='lat' dir='ltr'>cui</span> <span class='ocrx_word' id='word_1_69' title='bbox 547 1164 696 1221; x_wconf 86' lang='lat' dir='ltr'>male</span> <span class='ocrx_word' id='word_1_70' title='bbox 723 1166 772 1221; x_wconf 91' lang='lat' dir='ltr'>si</span> <span class='ocrx_word' id='word_1_71' title='bbox 798 1167 1035 1239; x_wconf 90' lang='lat' dir='ltr'>palpere,</span> <span class='ocrx_word' id='word_1_72' title='bbox 1069 1169 1385 1228; x_wconf 86' lang='lat' dir='ltr'>recalcitrat</span> <span class='ocrx_word' id='word_1_73' title='bbox 1413 1173 1660 1245; x_wconf 90' lang='lat' dir='ltr'>undique</span> <span class='ocrx_word' id='word_1_74' title='bbox 1689 1176 1885 1232; x_wconf 84' lang='lat' dir='ltr'>tutus.&#39;</span> 
     </span>
    </p>

    <p class='ocr_par' dir='ltr' id='par_1_5' title="bbox 394 1248 1954 1411">
     <span class='ocr_line' id='line_1_12' title="bbox 394 1248 1841 1322; baseline 0.009 -23"><span class='ocrx_word' id='word_1_75' title='bbox 394 1248 408 1275; x_wconf 91' lang='lat'>‘</span> <span class='ocrx_word' id='word_1_76' title='bbox 425 1249 640 1317; x_wconf 88' lang='lat' dir='ltr'>quanto</span> <span class='ocrx_word' id='word_1_77' title='bbox 668 1248 874 1304; x_wconf 88' lang='lat' dir='ltr'>rectius</span> <span class='ocrx_word' id='word_1_78' title='bbox 902 1248 1019 1321; x_wconf 90' lang='lat' dir='ltr'>hoc,</span> <span class='ocrx_word' id='word_1_79' title='bbox 1054 1269 1224 1322; x_wconf 91' lang='lat' dir='ltr'>quam</span> <span class='ocrx_word' id='word_1_80' title='bbox 1254 1253 1405 1309; x_wconf 89' lang='lat' dir='ltr'>tristi</span> <span class='ocrx_word' id='word_1_81' title='bbox 1434 1253 1650 1311; x_wconf 87' lang='lat' dir='ltr'>laedere</span> <span class='ocrx_word' id='word_1_82' title='bbox 1678 1274 1841 1312; x_wconf 87' lang='lat' dir='ltr'>versu</span> 
     </span>
     <span class='ocr_line' id='line_1_13' title="bbox 429 1326 1954 1411; baseline 0.009 -30"><span class='ocrx_word' id='word_1_83' title='bbox 429 1326 809 1385; x_wconf 88' lang='lat' dir='ltr'>Pantolabum</span> <span class='ocrx_word' id='word_1_84' title='bbox 838 1347 1084 1388; x_wconf 89' lang='lat' dir='ltr'>scurram</span> <span class='ocrx_word' id='word_1_85' title='bbox 1121 1333 1653 1408; x_wconf 85' lang='lat' dir='ltr'>Nomentanumque</span> <span class='ocrx_word' id='word_1_86' title='bbox 1682 1343 1954 1411; x_wconf 89' lang='lat' dir='ltr'>nepotem,</span> 
     </span>
    </p>
   </div>
   <div class='ocr_carea' id='block_1_3' title="bbox 428 1408 2209 1492">
    <p class='ocr_par' dir='ltr' id='par_1_6' title="bbox 428 1408 2209 1492">
     <span class='ocr_line' id='line_1_14' title="bbox 428 1408 2209 1492; baseline 0.008 -29"><span class='ocrx_word' id='word_1_87' title='bbox 428 1426 556 1464; x_wconf 90' lang='lat' dir='ltr'>cum</span> <span class='ocrx_word' id='word_1_88' title='bbox 583 1408 694 1465; x_wconf 89' lang='lat' dir='ltr'>sibi</span> <span class='ocrx_word' id='word_1_89' title='bbox 722 1412 955 1484; x_wconf 90' lang='lat' dir='ltr'>quisque</span> <span class='ocrx_word' id='word_1_90' title='bbox 983 1414 1163 1486; x_wconf 90' lang='lat' dir='ltr'>timet,</span> <span class='ocrx_word' id='word_1_91' title='bbox 1196 1433 1534 1488; x_wconf 86' lang='lat' dir='ltr'>quamquam</span> <span class='ocrx_word' id='word_1_92' title='bbox 1563 1422 1651 1474; x_wconf 90' lang='lat' dir='ltr'>est</span> <span class='ocrx_word' id='word_1_93' title='bbox 1677 1419 1937 1492; x_wconf 78' lang='lat' dir='ltr'>intactUS‚</span> <span class='ocrx_word' id='word_1_94' title='bbox 1970 1426 2029 1477; x_wconf 88' lang='lat' dir='ltr'>et</span> <span class='ocrx_word' id='word_1_95' title='bbox 2057 1422 2209 1479; x_wconf 62' lang='lat' dir='ltr'>odit!</span> 
     </span>
    </p>
   </div>
   <div class='ocr_carea' id='block_1_4' title="bbox 400 1489 2108 3851">
    <p class='ocr_par' dir='ltr' id='par_1_7' title="bbox 400 1489 1840 1653">
     <span class='ocr_line' id='line_1_15' title="bbox 400 1489 1840 1569; baseline 0.008 -25"><span class='ocrx_word' id='word_1_96' title='bbox 400 1493 414 1520; x_wconf 91' lang='lat'>‘</span> <span class='ocrx_word' id='word_1_97' title='bbox 431 1490 567 1562; x_wconf 91' lang='lat' dir='ltr'>quid</span> <span class='ocrx_word' id='word_1_98' title='bbox 596 1489 837 1550; x_wconf 68' lang='lat' dir='ltr'>faciam?</span> <span class='ocrx_word' id='word_1_99' title='bbox 917 1494 1089 1553; x_wconf 88' lang='lat' dir='ltr'>saltat</span> <span class='ocrx_word' id='word_1_100' title='bbox 1118 1495 1404 1569; x_wconf 87' lang='lat' dir='ltr'>Milonius,</span> <span class='ocrx_word' id='word_1_101' title='bbox 1436 1503 1503 1554; x_wconf 87' lang='lat' dir='ltr'>ut</span> <span class='ocrx_word' id='word_1_102' title='bbox 1530 1499 1702 1556; x_wconf 91' lang='lat' dir='ltr'>semel</span> <span class='ocrx_word' id='word_1_103' title='bbox 1730 1500 1840 1556; x_wconf 90' lang='lat' dir='ltr'>icto</span> 
     </span>
     <span class='ocr_line' id='line_1_16' title="bbox 426 1571 1759 1653; baseline 0.008 -26"><span class='ocrx_word' id='word_1_104' title='bbox 426 1571 659 1628; x_wconf 90' lang='lat' dir='ltr'>accessit</span> <span class='ocrx_word' id='word_1_105' title='bbox 687 1572 872 1630; x_wconf 85' lang='lat' dir='ltr'>fervor</span> <span class='ocrx_word' id='word_1_106' title='bbox 899 1576 1069 1647; x_wconf 90' lang='lat' dir='ltr'>capiti</span> <span class='ocrx_word' id='word_1_107' title='bbox 1097 1595 1465 1651; x_wconf 89' lang='lat' dir='ltr'>numerusque</span> <span class='ocrx_word' id='word_1_108' title='bbox 1484 1580 1724 1637; x_wconf 89' lang='lat' dir='ltr'>lucernis</span> <span class='ocrx_word' id='word_1_109' title='bbox 1742 1602 1759 1653; x_wconf 83' lang='lat'>3</span> 
     </span>
    </p>

    <p class='ocr_par' dir='ltr' id='par_1_8' title="bbox 428 1652 1757 1732">
     <span class='ocr_line' id='line_1_17' title="bbox 428 1652 1757 1732; baseline 0.007 -22"><span class='ocrx_word' id='word_1_110' title='bbox 428 1652 632 1710; x_wconf 83' lang='lat' dir='ltr'>Castor</span> <span class='ocrx_word' id='word_1_111' title='bbox 659 1655 868 1724; x_wconf 88' lang='lat' dir='ltr'>gaudet</span> <span class='ocrx_word' id='word_1_112' title='bbox 896 1658 1064 1730; x_wconf 81' lang='lat' dir='ltr'>equis,</span> <span class='ocrx_word' id='word_1_113' title='bbox 1101 1677 1204 1715; x_wconf 85' lang='lat' dir='ltr'>ovo</span> <span class='ocrx_word' id='word_1_114' title='bbox 1232 1666 1537 1732; x_wconf 85' lang='lat' dir='ltr'>prognatus</span> <span class='ocrx_word' id='word_1_115' title='bbox 1565 1662 1757 1719; x_wconf 90' lang='lat' dir='ltr'>eodem</span> 
     </span>
    </p>

    <p class='ocr_par' dir='ltr' id='par_1_9' title="bbox 424 1736 1976 1890">
     <span class='ocr_line' id='line_1_18' title="bbox 424 1736 1976 1811; baseline 0.008 -22"><span class='ocrx_word' id='word_1_116' title='bbox 424 1736 628 1806; x_wconf 86' lang='lat' dir='ltr'>pugnis</span> <span class='ocrx_word' id='word_1_117' title='bbox 647 1754 663 1806; x_wconf 81' lang='lat'><em>3</em></span> <span class='ocrx_word' id='word_1_118' title='bbox 707 1742 846 1808; x_wconf 87' lang='lat' dir='ltr'>quot</span> <span class='ocrx_word' id='word_1_119' title='bbox 875 1739 1121 1810; x_wconf 89' lang='lat' dir='ltr'>capitum</span> <span class='ocrx_word' id='word_1_120' title='bbox 1152 1742 1369 1811; x_wconf 84' lang='lat' dir='ltr'>vivunt,</span> <span class='ocrx_word' id='word_1_121' title='bbox 1401 1743 1640 1799; x_wconf 88' lang='lat' dir='ltr'>totidem</span> <span class='ocrx_word' id='word_1_122' title='bbox 1668 1744 1976 1801; x_wconf 90' lang='lat' dir='ltr'>studiorum</span> 
     </span>
     <span class='ocr_line' id='line_1_19' title="bbox 424 1816 1778 1890; baseline 0.008 -20"><span class='ocrx_word' id='word_1_123' title='bbox 424 1816 592 1872; x_wconf 88' lang='lat' dir='ltr'>milia.</span> <span class='ocrx_word' id='word_1_124' title='bbox 679 1835 768 1874; x_wconf 91' lang='lat' dir='ltr'>me</span> <span class='ocrx_word' id='word_1_125' title='bbox 796 1819 1030 1890; x_wconf 89' lang='lat' dir='ltr'>pedibus</span> <span class='ocrx_word' id='word_1_126' title='bbox 1060 1821 1301 1879; x_wconf 88' lang='lat' dir='ltr'>delectat</span> <span class='ocrx_word' id='word_1_127' title='bbox 1329 1824 1581 1881; x_wconf 90' lang='lat' dir='ltr'>claudere</span> <span class='ocrx_word' id='word_1_128' title='bbox 1607 1825 1778 1881; x_wconf 86' lang='lat' dir='ltr'>verba</span> 
     </span>
    </p>

    <p class='ocr_par' dir='ltr' id='par_1_10' title="bbox 423 1897 1604 1977">
     <span class='ocr_line' id='line_1_20' title="bbox 423 1897 1604 1977; baseline 0.009 -25"><span class='ocrx_word' id='word_1_129' title='bbox 423 1897 608 1953; x_wconf 89' lang='lat' dir='ltr'>Lucili</span> <span class='ocrx_word' id='word_1_130' title='bbox 637 1899 766 1970; x_wconf 89' lang='lat' dir='ltr'>ritu,</span> <span class='ocrx_word' id='word_1_131' title='bbox 801 1906 1054 1958; x_wconf 88' lang='lat' dir='ltr'>nostrum</span> <span class='ocrx_word' id='word_1_132' title='bbox 1084 1903 1327 1960; x_wconf 88' lang='lat' dir='ltr'>melioris</span> <span class='ocrx_word' id='word_1_133' title='bbox 1353 1910 1604 1977; x_wconf 90' lang='lat' dir='ltr'>utroque.</span> 
     </span>
    </p>

    <p class='ocr_par' dir='ltr' id='par_1_11' title="bbox 420 1979 1556 2043">
     <span class='ocr_line' id='line_1_21' title="bbox 420 1979 1556 2043; baseline 0.007 -8"><span class='ocrx_word' id='word_1_134' title='bbox 420 1979 515 2036; x_wconf 89' lang='lat' dir='ltr'>ille</span> <span class='ocrx_word' id='word_1_135' title='bbox 544 1979 704 2036; x_wconf 87' lang='lat' dir='ltr'>velut</span> <span class='ocrx_word' id='word_1_136' title='bbox 733 1981 862 2038; x_wconf 89' lang='lat' dir='ltr'>fidis</span> <span class='ocrx_word' id='word_1_137' title='bbox 890 2001 1088 2040; x_wconf 89' lang='lat' dir='ltr'>arcana</span> <span class='ocrx_word' id='word_1_138' title='bbox 1115 1985 1395 2043; x_wconf 86' lang='lat' dir='ltr'>sodalibus</span> <span class='ocrx_word' id='word_1_139' title='bbox 1424 1987 1556 2043; x_wconf 91' lang='lat' dir='ltr'>olim</span> 
     </span>
    </p>

    <p class='ocr_par' dir='ltr' id='par_1_12' title="bbox 418 2060 1928 2301">
     <span class='ocr_line' id='line_1_22' title="bbox 422 2060 1876 2142; baseline 0.008 -26"><span class='ocrx_word' id='word_1_140' title='bbox 422 2060 683 2118; x_wconf 87' lang='lat' dir='ltr'>credebat</span> <span class='ocrx_word' id='word_1_141' title='bbox 712 2062 887 2134; x_wconf 73' lang='lat' dir='ltr'>Ebria,</span> <span class='ocrx_word' id='word_1_142' title='bbox 919 2083 1097 2137; x_wconf 90' lang='lat' dir='ltr'>neque</span> <span class='ocrx_word' id='word_1_143' title='bbox 1126 2068 1174 2123; x_wconf 91' lang='lat' dir='ltr'>si</span> <span class='ocrx_word' id='word_1_144' title='bbox 1203 2068 1346 2124; x_wconf 88' lang='lat' dir='ltr'>male</span> <span class='ocrx_word' id='word_1_145' title='bbox 1375 2074 1613 2126; x_wconf 86' lang='lat' dir='ltr'>cesserat</span> <span class='ocrx_word' id='word_1_146' title='bbox 1641 2088 1876 2142; x_wconf 89' lang='lat' dir='ltr'>usquam</span> 
     </span>
     <span class='ocr_line' id='line_1_23' title="bbox 419 2141 1928 2223; baseline 0.008 -26"><span class='ocrx_word' id='word_1_147' title='bbox 419 2141 716 2200; x_wconf 90' lang='lat' dir='ltr'>decurrens</span> <span class='ocrx_word' id='word_1_148' title='bbox 745 2144 870 2216; x_wconf 88' lang='lat' dir='ltr'>alio,</span> <span class='ocrx_word' id='word_1_149' title='bbox 904 2164 1080 2218; x_wconf 91' lang='lat' dir='ltr'>neque</span> <span class='ocrx_word' id='word_1_150' title='bbox 1108 2149 1156 2204; x_wconf 92' lang='lat' dir='ltr'>si</span> <span class='ocrx_word' id='word_1_151' title='bbox 1183 2147 1323 2206; x_wconf 89' lang='lat' dir='ltr'>bene</span> <span class='ocrx_word' id='word_1_152' title='bbox 1346 2171 1358 2206; x_wconf 72' lang='grc' dir='ltr'><strong><em>ε</em></strong></span> <span class='ocrx_word' id='word_1_153' title='bbox 1402 2168 1511 2222; x_wconf 90' lang='lat' dir='ltr'>quo</span> <span class='ocrx_word' id='word_1_154' title='bbox 1538 2151 1622 2223; x_wconf 89' lang='lat' dir='ltr'>fit,</span> <span class='ocrx_word' id='word_1_155' title='bbox 1657 2157 1722 2208; x_wconf 92' lang='lat' dir='ltr'>ut</span> <span class='ocrx_word' id='word_1_156' title='bbox 1748 2153 1928 2209; x_wconf 88' lang='lat' dir='ltr'>omnis</span> 
     </span>
     <span class='ocr_line' id='line_1_24' title="bbox 418 2225 1581 2301; baseline 0.008 -22"><span class='ocrx_word' id='word_1_157' title='bbox 418 2225 615 2281; x_wconf 86' lang='lat' dir='ltr'>votiva</span> <span class='ocrx_word' id='word_1_158' title='bbox 644 2229 836 2297; x_wconf 87' lang='lat' dir='ltr'>pateat</span> <span class='ocrx_word' id='word_1_159' title='bbox 864 2227 1040 2283; x_wconf 89' lang='lat' dir='ltr'>veluti</span> <span class='ocrx_word' id='word_1_160' title='bbox 1068 2229 1346 2301; x_wconf 88' lang='lat' dir='ltr'>descripta</span> <span class='ocrx_word' id='word_1_161' title='bbox 1374 2231 1581 2288; x_wconf 87' lang='lat' dir='ltr'>tabella</span> 
     </span>
    </p>

    <p class='ocr_par' dir='ltr' id='par_1_13' title="bbox 415 2306 2108 2631">
     <span class='ocr_line' id='line_1_25' title="bbox 418 2306 2108 2390; baseline 0.007 -29"><span class='ocrx_word' id='word_1_162' title='bbox 418 2306 541 2362; x_wconf 87' lang='lat' dir='ltr'>vita</span> <span class='ocrx_word' id='word_1_163' title='bbox 568 2308 731 2364; x_wconf 82' lang='lat' dir='ltr'>senis,</span> <span class='ocrx_word' id='word_1_164' title='bbox 820 2326 1015 2382; x_wconf 90' lang='lat' dir='ltr'>sequor</span> <span class='ocrx_word' id='word_1_165' title='bbox 1044 2309 1206 2383; x_wconf 91' lang='lat' dir='ltr'>hunc,</span> <span class='ocrx_word' id='word_1_166' title='bbox 1242 2311 1500 2368; x_wconf 90' lang='lat' dir='ltr'>Lucanus</span> <span class='ocrx_word' id='word_1_167' title='bbox 1526 2332 1600 2369; x_wconf 88' lang='lat' dir='ltr'>an</span> <span class='ocrx_word' id='word_1_168' title='bbox 1628 2314 1846 2387; x_wconf 89' lang='lat' dir='ltr'>Apulus</span> <span class='ocrx_word' id='word_1_169' title='bbox 1874 2335 2108 2390; x_wconf 83' lang='lat' dir='ltr'>anceps3</span> 
     </span>
     <span class='ocr_line' id='line_1_26' title="bbox 416 2387 1978 2468; baseline 0.008 -26"><span class='ocrx_word' id='word_1_170' title='bbox 416 2404 548 2442; x_wconf 90' lang='lat' dir='ltr'>nam</span> <span class='ocrx_word' id='word_1_171' title='bbox 579 2387 901 2446; x_wconf 89' lang='lat' dir='ltr'>Venusinus</span> <span class='ocrx_word' id='word_1_172' title='bbox 929 2395 1050 2447; x_wconf 89' lang='lat' dir='ltr'>arat</span> <span class='ocrx_word' id='word_1_173' title='bbox 1079 2392 1245 2448; x_wconf 90' lang='lat' dir='ltr'>finem</span> <span class='ocrx_word' id='word_1_174' title='bbox 1281 2394 1384 2449; x_wconf 87' lang='lat' dir='ltr'>sub</span> <span class='ocrx_word' id='word_1_175' title='bbox 1414 2399 1713 2467; x_wconf 90' lang='lat' dir='ltr'>utrumque</span> <span class='ocrx_word' id='word_1_176' title='bbox 1741 2397 1978 2468; x_wconf 77' lang='lat' dir='ltr'>colonuS,</span> 
     </span>
     <span class='ocr_line' id='line_1_27' title="bbox 415 2469 1977 2552; baseline 0.007 -28"><span class='ocrx_word' id='word_1_177' title='bbox 415 2469 623 2526; x_wconf 89' lang='lat' dir='ltr'>missus</span> <span class='ocrx_word' id='word_1_178' title='bbox 651 2470 724 2526; x_wconf 86' lang='lat' dir='ltr'>ad</span> <span class='ocrx_word' id='word_1_179' title='bbox 751 2470 871 2542; x_wconf 91' lang='lat' dir='ltr'>hoc,</span> <span class='ocrx_word' id='word_1_180' title='bbox 902 2473 1094 2544; x_wconf 90' lang='lat' dir='ltr'>pulsis,</span> <span class='ocrx_word' id='word_1_181' title='bbox 1127 2479 1290 2530; x_wconf 84' lang='lat' dir='ltr'>vetus</span> <span class='ocrx_word' id='word_1_182' title='bbox 1319 2480 1404 2531; x_wconf 87' lang='lat' dir='ltr'>est</span> <span class='ocrx_word' id='word_1_183' title='bbox 1434 2481 1499 2532; x_wconf 91' lang='lat' dir='ltr'>ut</span> <span class='ocrx_word' id='word_1_184' title='bbox 1527 2476 1692 2548; x_wconf 88' lang='lat' dir='ltr'>fama,</span> <span class='ocrx_word' id='word_1_185' title='bbox 1726 2477 1977 2552; x_wconf 81' lang='lat' dir='ltr'>Sabellis,</span> 
     </span>
     <span class='ocr_line' id='line_1_28' title="bbox 416 2554 1853 2631; baseline 0.008 -25"><span class='ocrx_word' id='word_1_186' title='bbox 416 2568 527 2621; x_wconf 93' lang='lat' dir='ltr'>quo</span> <span class='ocrx_word' id='word_1_187' title='bbox 556 2569 628 2607; x_wconf 92' lang='lat' dir='ltr'>ne</span> <span class='ocrx_word' id='word_1_188' title='bbox 655 2570 755 2624; x_wconf 91' lang='lat' dir='ltr'>per</span> <span class='ocrx_word' id='word_1_189' title='bbox 780 2570 1019 2609; x_wconf 82' lang='lat' dir='ltr'>vacuum</span> <span class='ocrx_word' id='word_1_190' title='bbox 1050 2554 1303 2612; x_wconf 89' lang='lat' dir='ltr'>Romano</span> <span class='ocrx_word' id='word_1_191' title='bbox 1330 2557 1634 2614; x_wconf 86' lang='lat' dir='ltr'>incurreret</span> <span class='ocrx_word' id='word_1_192' title='bbox 1662 2558 1853 2631; x_wconf 89' lang='lat' dir='ltr'>hostis,</span> 
     </span>
    </p>

    <p class='ocr_par' dir='ltr' id='par_1_14' title="bbox 412 2632 2020 2954">
     <span class='ocr_line' id='line_1_29' title="bbox 414 2632 1907 2708; baseline 0.007 -21"><span class='ocrx_word' id='word_1_193' title='bbox 414 2632 533 2688; x_wconf 87' lang='lat' dir='ltr'>sive</span> <span class='ocrx_word' id='word_1_194' title='bbox 561 2634 711 2704; x_wconf 90' lang='lat' dir='ltr'>quod</span> <span class='ocrx_word' id='word_1_195' title='bbox 739 2632 929 2706; x_wconf 87' lang='lat' dir='ltr'>Apula</span> <span class='ocrx_word' id='word_1_196' title='bbox 953 2654 1088 2707; x_wconf 87' lang='lat' dir='ltr'>gens</span> <span class='ocrx_word' id='word_1_197' title='bbox 1118 2655 1217 2693; x_wconf 90' lang='lat' dir='ltr'>seu</span> <span class='ocrx_word' id='word_1_198' title='bbox 1246 2638 1396 2708; x_wconf 90' lang='lat' dir='ltr'>quod</span> <span class='ocrx_word' id='word_1_199' title='bbox 1425 2638 1672 2696; x_wconf 87' lang='lat' dir='ltr'>Lucania</span> <span class='ocrx_word' id='word_1_200' title='bbox 1700 2640 1907 2698; x_wconf 91' lang='lat' dir='ltr'>bellum</span> 
     </span>
     <span class='ocr_line' id='line_1_30' title="bbox 412 2712 2020 2793; baseline 0.007 -24"><span class='ocrx_word' id='word_1_201' title='bbox 412 2712 691 2771; x_wconf 89' lang='lat' dir='ltr'>incuteret</span> <span class='ocrx_word' id='word_1_202' title='bbox 719 2715 978 2774; x_wconf 87' lang='lat' dir='ltr'>violenta.</span> <span class='ocrx_word' id='word_1_203' title='bbox 1069 2718 1166 2774; x_wconf 89' lang='lat' dir='ltr'>sed</span> <span class='ocrx_word' id='word_1_204' title='bbox 1196 2719 1288 2775; x_wconf 90' lang='lat' dir='ltr'>hic</span> <span class='ocrx_word' id='word_1_205' title='bbox 1315 2719 1479 2775; x_wconf 90' lang='lat' dir='ltr'>stilus</span> <span class='ocrx_word' id='word_1_206' title='bbox 1508 2720 1660 2777; x_wconf 89' lang='lat' dir='ltr'>haud</span> <span class='ocrx_word' id='word_1_207' title='bbox 1686 2728 1842 2793; x_wconf 91' lang='lat' dir='ltr'>petet</span> <span class='ocrx_word' id='word_1_208' title='bbox 1870 2723 2020 2780; x_wconf 89' lang='lat' dir='ltr'>ultro</span> 
     </span>
     <span class='ocr_line' id='line_1_31' title="bbox 413 2798 2012 2868; baseline 0.007 -18"><span class='ocrx_word' id='word_1_209' title='bbox 413 2812 753 2868; x_wconf 89' lang='lat' dir='ltr'>quemquam</span> <span class='ocrx_word' id='word_1_210' title='bbox 780 2798 1122 2855; x_wconf 88' lang='lat' dir='ltr'>animantem</span> <span class='ocrx_word' id='word_1_211' title='bbox 1152 2804 1208 2855; x_wconf 90' lang='lat' dir='ltr'>et</span> <span class='ocrx_word' id='word_1_212' title='bbox 1238 2818 1326 2856; x_wconf 89' lang='lat' dir='ltr'>me</span> <span class='ocrx_word' id='word_1_213' title='bbox 1355 2800 1532 2858; x_wconf 88' lang='lat' dir='ltr'>veluti</span> <span class='ocrx_word' id='word_1_214' title='bbox 1561 2803 1837 2861; x_wconf 89' lang='lat' dir='ltr'>custodiet</span> <span class='ocrx_word' id='word_1_215' title='bbox 1866 2805 2012 2861; x_wconf 87' lang='lat' dir='ltr'>ensis</span> 
     </span>
     <span class='ocr_line' id='line_1_32' title="bbox 412 2877 1758 2954; baseline 0.007 -23"><span class='ocrx_word' id='word_1_216' title='bbox 412 2877 620 2948; x_wconf 85' lang='lat' dir='ltr'>vagina</span> <span class='ocrx_word' id='word_1_217' title='bbox 647 2882 831 2934; x_wconf 89' lang='lat' dir='ltr'>tectus</span> <span class='ocrx_word' id='word_1_218' title='bbox 854 2900 866 2935; x_wconf 91' lang='lat'>:</span> <span class='ocrx_word' id='word_1_219' title='bbox 908 2897 1075 2950; x_wconf 92' lang='lat' dir='ltr'>quem</span> <span class='ocrx_word' id='word_1_220' title='bbox 1104 2899 1200 2936; x_wconf 92' lang='lat' dir='ltr'>cur</span> <span class='ocrx_word' id='word_1_221' title='bbox 1228 2881 1570 2954; x_wconf 85' lang='lat' dir='ltr'>destringere</span> <span class='ocrx_word' id='word_1_222' title='bbox 1598 2901 1758 2941; x_wconf 91' lang='lat' dir='ltr'>coner</span> 
     </span>
    </p>

    <p class='ocr_par' dir='ltr' id='par_1_15' title="bbox 410 2958 1814 3118">
     <span class='ocr_line' id='line_1_33' title="bbox 410 2958 1814 3036; baseline 0.007 -24"><span class='ocrx_word' id='word_1_223' title='bbox 410 2960 574 3014; x_wconf 88' lang='lat' dir='ltr'>tutus</span> <span class='ocrx_word' id='word_1_224' title='bbox 604 2958 678 3014; x_wconf 89' lang='lat' dir='ltr'>ab</span> <span class='ocrx_word' id='word_1_225' title='bbox 705 2958 925 3016; x_wconf 87' lang='lat' dir='ltr'>infestis</span> <span class='ocrx_word' id='word_1_226' title='bbox 952 2960 1303 3021; x_wconf 68' lang='lat' dir='ltr'>latronibus?</span> <span class='ocrx_word' id='word_1_227' title='bbox 1384 2981 1417 3019; x_wconf 92' lang='lat' dir='ltr'>o</span> <span class='ocrx_word' id='word_1_228' title='bbox 1444 2969 1605 3036; x_wconf 87' lang='lat' dir='ltr'>pater</span> <span class='ocrx_word' id='word_1_229' title='bbox 1635 2969 1691 3021; x_wconf 88' lang='lat' dir='ltr'>et</span> <span class='ocrx_word' id='word_1_230' title='bbox 1718 2984 1814 3022; x_wconf 88' lang='lat' dir='ltr'>rex</span> 
     </span>
     <span class='ocr_line' id='line_1_34' title="bbox 411 3036 1767 3118; baseline 0.006 -24"><span class='ocrx_word' id='word_1_231' title='bbox 411 3036 684 3111; x_wconf 89' lang='lat' dir='ltr'>Iuppiter,</span> <span class='ocrx_word' id='word_1_232' title='bbox 716 3044 784 3096; x_wconf 92' lang='lat' dir='ltr'>ut</span> <span class='ocrx_word' id='word_1_233' title='bbox 811 3046 1000 3112; x_wconf 86' lang='lat' dir='ltr'>pereat</span> <span class='ocrx_word' id='word_1_234' title='bbox 1026 3044 1272 3114; x_wconf 89' lang='lat' dir='ltr'>positum</span> <span class='ocrx_word' id='word_1_235' title='bbox 1299 3044 1551 3116; x_wconf 87' lang='lat' dir='ltr'>rubigine</span> <span class='ocrx_word' id='word_1_236' title='bbox 1577 3045 1767 3118; x_wconf 87' lang='lat' dir='ltr'>telum,</span> 
     </span>
    </p>

    <p class='ocr_par' dir='ltr' id='par_1_16' title="bbox 406 3122 1937 3356">
     <span class='ocr_line' id='line_1_35' title="bbox 409 3122 1937 3199; baseline 0.006 -24"><span class='ocrx_word' id='word_1_237' title='bbox 409 3136 511 3177; x_wconf 89' lang='lat' dir='ltr'>nec</span> <span class='ocrx_word' id='word_1_238' title='bbox 540 3122 840 3193; x_wconf 89' lang='lat' dir='ltr'>quisquam</span> <span class='ocrx_word' id='word_1_239' title='bbox 868 3128 1062 3180; x_wconf 91' lang='lat' dir='ltr'>noceat</span> <span class='ocrx_word' id='word_1_240' title='bbox 1091 3125 1291 3196; x_wconf 88' lang='lat' dir='ltr'>cupido</span> <span class='ocrx_word' id='word_1_241' title='bbox 1317 3126 1458 3182; x_wconf 91' lang='lat' dir='ltr'>mihi</span> <span class='ocrx_word' id='word_1_242' title='bbox 1486 3128 1639 3199; x_wconf 88' lang='lat' dir='ltr'>pacis</span> <span class='ocrx_word' id='word_1_243' title='bbox 1662 3130 1673 3184; x_wconf 84' lang='lat'>!</span> <span class='ocrx_word' id='word_1_244' title='bbox 1754 3133 1815 3184; x_wconf 90' lang='lat' dir='ltr'>at</span> <span class='ocrx_word' id='word_1_245' title='bbox 1844 3129 1937 3185; x_wconf 92' lang='lat' dir='ltr'>ille</span> 
     </span>
     <span class='ocr_line' id='line_1_36' title="bbox 408 3201 1923 3279; baseline 0.006 -22"><span class='ocrx_word' id='word_1_246' title='bbox 408 3201 508 3272; x_wconf 89' lang='lat' dir='ltr'>qui</span> <span class='ocrx_word' id='word_1_247' title='bbox 535 3220 628 3259; x_wconf 92' lang='lat' dir='ltr'>me</span> <span class='ocrx_word' id='word_1_248' title='bbox 655 3204 1223 3262; x_wconf 87' lang='lat' dir='ltr'>commorit—melius</span> <span class='ocrx_word' id='word_1_249' title='bbox 1251 3225 1363 3263; x_wconf 92' lang='lat' dir='ltr'>non</span> <span class='ocrx_word' id='word_1_250' title='bbox 1391 3212 1635 3279; x_wconf 89' lang='lat' dir='ltr'>tangere,</span> <span class='ocrx_word' id='word_1_251' title='bbox 1666 3208 1923 3266; x_wconf 90' lang='lat' dir='ltr'>clamo—</span> 
     </span>
     <span class='ocr_line' id='line_1_37' title="bbox 406 3281 1593 3356; baseline 0.006 -19"><span class='ocrx_word' id='word_1_252' title='bbox 406 3281 566 3339; x_wconf 90' lang='lat' dir='ltr'>flebit</span> <span class='ocrx_word' id='word_1_253' title='bbox 598 3288 658 3341; x_wconf 91' lang='lat' dir='ltr'>et</span> <span class='ocrx_word' id='word_1_254' title='bbox 684 3285 917 3356; x_wconf 86' lang='lat' dir='ltr'>insignis</span> <span class='ocrx_word' id='word_1_255' title='bbox 945 3290 1068 3342; x_wconf 88' lang='lat' dir='ltr'>tota</span> <span class='ocrx_word' id='word_1_256' title='bbox 1094 3288 1414 3345; x_wconf 90' lang='lat' dir='ltr'>cantabitur</span> <span class='ocrx_word' id='word_1_257' title='bbox 1440 3290 1593 3346; x_wconf 88' lang='lat' dir='ltr'>urbe.</span> 
     </span>
    </p>

    <p class='ocr_par' dir='ltr' id='par_1_17' title="bbox 409 3362 1679 3442">
     <span class='ocr_line' id='line_1_38' title="bbox 409 3362 1679 3442; baseline 0.006 -23"><span class='ocrx_word' id='word_1_258' title='bbox 409 3362 647 3421; x_wconf 89' lang='lat' dir='ltr'>Cervius</span> <span class='ocrx_word' id='word_1_259' title='bbox 674 3365 852 3422; x_wconf 87' lang='lat' dir='ltr'>iratus</span> <span class='ocrx_word' id='word_1_260' title='bbox 880 3366 1028 3439; x_wconf 90' lang='lat' dir='ltr'>leges</span> <span class='ocrx_word' id='word_1_261' title='bbox 1055 3368 1352 3425; x_wconf 88' lang='lat' dir='ltr'>minitatur</span> <span class='ocrx_word' id='word_1_262' title='bbox 1379 3375 1437 3426; x_wconf 85' lang='lat' dir='ltr'>et</span> <span class='ocrx_word' id='word_1_263' title='bbox 1465 3389 1679 3442; x_wconf 88' lang='lat' dir='ltr'>urnam,</span> 
     </span>
    </p>

    <p class='ocr_par' dir='ltr' id='par_1_18' title="bbox 404 3443 1867 3603">
     <span class='ocr_line' id='line_1_39' title="bbox 409 3443 1845 3526; baseline 0.006 -25"><span class='ocrx_word' id='word_1_264' title='bbox 409 3443 651 3503; x_wconf 87' lang='lat' dir='ltr'>Canidia</span> <span class='ocrx_word' id='word_1_265' title='bbox 677 3446 899 3520; x_wconf 86' lang='lat' dir='ltr'>Albuci,</span> <span class='ocrx_word' id='word_1_266' title='bbox 931 3448 1135 3519; x_wconf 89' lang='lat' dir='ltr'>quibus</span> <span class='ocrx_word' id='word_1_267' title='bbox 1164 3456 1251 3506; x_wconf 91' lang='lat' dir='ltr'>est</span> <span class='ocrx_word' id='word_1_268' title='bbox 1279 3451 1520 3522; x_wconf 88' lang='lat' dir='ltr'>inimica,</span> <span class='ocrx_word' id='word_1_269' title='bbox 1553 3470 1845 3526; x_wconf 86' lang='lat' dir='ltr'>venenum,</span> 
     </span>
     <span class='ocr_line' id='line_1_40' title="bbox 404 3528 1867 3603; baseline 0.007 -21"><span class='ocrx_word' id='word_1_270' title='bbox 404 3528 619 3598; x_wconf 88' lang='lat' dir='ltr'>grande</span> <span class='ocrx_word' id='word_1_271' title='bbox 645 3528 857 3585; x_wconf 89' lang='lat' dir='ltr'>malum</span> <span class='ocrx_word' id='word_1_272' title='bbox 885 3529 1101 3601; x_wconf 75' lang='lat' dir='ltr'>TuriuS,</span> <span class='ocrx_word' id='word_1_273' title='bbox 1134 3531 1184 3587; x_wconf 92' lang='lat' dir='ltr'>si</span> <span class='ocrx_word' id='word_1_274' title='bbox 1212 3532 1348 3603; x_wconf 89' lang='lat' dir='ltr'>quid</span> <span class='ocrx_word' id='word_1_275' title='bbox 1378 3551 1438 3589; x_wconf 92' lang='lat' dir='ltr'>se</span> <span class='ocrx_word' id='word_1_276' title='bbox 1467 3534 1649 3591; x_wconf 90' lang='lat' dir='ltr'>iudice</span> <span class='ocrx_word' id='word_1_277' title='bbox 1677 3540 1867 3593; x_wconf 70' lang='lat' dir='ltr'>certes</span> 
     </span>
    </p>

    <p class='ocr_par' dir='ltr' id='par_1_19' title="bbox 405 3611 1951 3851">
     <span class='ocr_line' id='line_1_41' title="bbox 405 3611 1832 3689; baseline 0.006 -25"><span class='ocrx_word' id='word_1_278' title='bbox 405 3613 473 3664; x_wconf 89' lang='lat' dir='ltr'>ut</span> <span class='ocrx_word' id='word_1_279' title='bbox 500 3627 613 3680; x_wconf 92' lang='lat' dir='ltr'>quo</span> <span class='ocrx_word' id='word_1_280' title='bbox 643 3611 876 3681; x_wconf 90' lang='lat' dir='ltr'>quisque</span> <span class='ocrx_word' id='word_1_281' title='bbox 904 3611 1058 3668; x_wconf 84' lang='lat' dir='ltr'>valet</span> <span class='ocrx_word' id='word_1_282' title='bbox 1086 3619 1370 3685; x_wconf 86' lang='lat' dir='ltr'>suspectos</span> <span class='ocrx_word' id='word_1_283' title='bbox 1400 3619 1625 3688; x_wconf 88' lang='lat' dir='ltr'>terreat,</span> <span class='ocrx_word' id='word_1_284' title='bbox 1659 3621 1832 3689; x_wconf 89' lang='lat' dir='ltr'>utque</span> 
     </span>
     <span class='ocr_line' id='line_1_42' title="bbox 405 3690 1847 3768; baseline 0.008 -24"><span class='ocrx_word' id='word_1_285' title='bbox 405 3690 645 3762; x_wconf 89' lang='lat' dir='ltr'>imperet</span> <span class='ocrx_word' id='word_1_286' title='bbox 674 3690 778 3747; x_wconf 89' lang='lat' dir='ltr'>hoc</span> <span class='ocrx_word' id='word_1_287' title='bbox 805 3696 1007 3748; x_wconf 89' lang='lat' dir='ltr'>natura</span> <span class='ocrx_word' id='word_1_288' title='bbox 1034 3698 1246 3767; x_wconf 89' lang='lat' dir='ltr'>potens,</span> <span class='ocrx_word' id='word_1_289' title='bbox 1280 3696 1361 3751; x_wconf 91' lang='lat' dir='ltr'>sic</span> <span class='ocrx_word' id='word_1_290' title='bbox 1386 3694 1585 3768; x_wconf 91' lang='lat' dir='ltr'>collige</span> <span class='ocrx_word' id='word_1_291' title='bbox 1613 3716 1847 3757; x_wconf 89' lang='lat' dir='ltr'>mecum.</span> 
     </span>
     <span class='ocr_line' id='line_1_43' title="bbox 405 3770 1951 3851; baseline 0.006 -24"><span class='ocrx_word' id='word_1_292' title='bbox 405 3770 574 3829; x_wconf 90' lang='lat' dir='ltr'>dente</span> <span class='ocrx_word' id='word_1_293' title='bbox 603 3772 786 3850; x_wconf 89' lang='lat' dir='ltr'>lupus,</span> <span class='ocrx_word' id='word_1_294' title='bbox 819 3791 988 3830; x_wconf 90' lang='lat' dir='ltr'>cornu</span> <span class='ocrx_word' id='word_1_295' title='bbox 1015 3779 1211 3833; x_wconf 86' lang='lat' dir='ltr'>taurus</span> <span class='ocrx_word' id='word_1_296' title='bbox 1238 3778 1420 3849; x_wconf 88' lang='lat' dir='ltr'>petit:</span> <span class='ocrx_word' id='word_1_297' title='bbox 1464 3779 1629 3851; x_wconf 88' lang='lat' dir='ltr'>unde,</span> <span class='ocrx_word' id='word_1_298' title='bbox 1662 3780 1770 3835; x_wconf 89' lang='lat' dir='ltr'>nisi</span> <span class='ocrx_word' id='word_1_299' title='bbox 1797 3781 1951 3837; x_wconf 89' lang='lat' dir='ltr'>intus</span> 
     </span>
    </p>
   </div>
   <div class='ocr_carea' id='block_1_5' title="bbox 2287 317 2375 364">
    <p class='ocr_par' dir='ltr' id='par_1_20' title="bbox 2287 317 2375 364">
     <span class='ocr_line' id='line_1_44' title="bbox 2287 317 2375 364; baseline 0 -1"><span class='ocrx_word' id='word_1_300' title='bbox 2287 317 2375 364; x_wconf 85' lang='lat'>121</span> 
     </span>
    </p>
   </div>
   <div class='ocr_carea' id='block_1_6' title="bbox 2325 799 2377 844">
    <p class='ocr_par' dir='ltr' id='par_1_21' title="bbox 2325 799 2377 844">
     <span class='ocr_line' id='line_1_45' title="bbox 2325 799 2377 844; baseline 0 0"><span class='ocrx_word' id='word_1_301' title='bbox 2325 799 2377 844; x_wconf 85' lang='lat'>15</span> 
     </span>
    </p>
   </div>
   <div class='ocr_carea' id='block_1_7' title="bbox 2318 1204 2376 1235">
    <p class='ocr_par' dir='ltr' id='par_1_22' title="bbox 2318 1204 2376 1235">
     <span class='ocr_line' id='line_1_46' title="bbox 2318 1204 2376 1235; baseline 0 0"><span class='ocrx_word' id='word_1_302' title='bbox 2318 1204 2376 1235; x_wconf 88' lang='lat'>20</span> 
     </span>
    </p>
   </div>
   <div class='ocr_carea' id='block_1_8' title="bbox 2317 1610 2372 1655">
    <p class='ocr_par' dir='ltr' id='par_1_23' title="bbox 2317 1610 2372 1655">
     <span class='ocr_line' id='line_1_47' title="bbox 2317 1610 2372 1655; baseline 0 0"><span class='ocrx_word' id='word_1_303' title='bbox 2317 1610 2372 1655; x_wconf 86' lang='lat'>25</span> 
     </span>
    </p>
   </div>
   <div class='ocr_carea' id='block_1_9' title="bbox 2314 2016 2371 2061">
    <p class='ocr_par' dir='ltr' id='par_1_24' title="bbox 2314 2016 2371 2061">
     <span class='ocr_line' id='line_1_48' title="bbox 2314 2016 2371 2061; baseline 0 -13"><span class='ocrx_word' id='word_1_304' title='bbox 2314 2016 2371 2061; x_wconf 82' lang='grc'>30</span> 
     </span>
    </p>
   </div>
   <div class='ocr_carea' id='block_1_10' title="bbox 2310 2423 2365 2470">
    <p class='ocr_par' dir='ltr' id='par_1_25' title="bbox 2310 2423 2365 2470">
     <span class='ocr_line' id='line_1_49' title="bbox 2310 2423 2365 2470; baseline -0.018 0"><span class='ocrx_word' id='word_1_305' title='bbox 2310 2423 2365 2470; x_wconf 86' lang='grc'>35</span> 
     </span>
    </p>
   </div>
   <div class='ocr_carea' id='block_1_11' title="bbox 2302 2830 2362 2871">
    <p class='ocr_par' dir='ltr' id='par_1_26' title="bbox 2302 2830 2362 2871">
     <span class='ocr_line' id='line_1_50' title="bbox 2302 2830 2362 2871; baseline 0 -11"><span class='ocrx_word' id='word_1_306' title='bbox 2302 2830 2362 2871; x_wconf 92' lang='lat'>40</span> 
     </span>
    </p>
   </div>
   <div class='ocr_carea' id='block_1_12' title="bbox 2301 3236 2358 3281">
    <p class='ocr_par' dir='ltr' id='par_1_27' title="bbox 2301 3236 2358 3281">
     <span class='ocr_line' id='line_1_51' title="bbox 2301 3236 2358 3281; baseline 0.035 -2"><span class='ocrx_word' id='word_1_307' title='bbox 2301 3236 2358 3281; x_wconf 88' lang='lat'>45</span> 
     </span>
    </p>
   </div>
   <div class='ocr_carea' id='block_1_13' title="bbox 2298 3643 2357 3688">
    <p class='ocr_par' dir='ltr' id='par_1_28' title="bbox 2298 3643 2357 3688">
     <span class='ocr_line' id='line_1_52' title="bbox 2298 3643 2357 3688; baseline 0 -13"><span class='ocrx_word' id='word_1_308' title='bbox 2298 3643 2357 3688; x_wconf 82' lang='grc'>50</span> 
     </span>
    </p>
   </div>
  </div>
 </body>
</html>
