2792 4334
440 292 534 342 172

1172 299 1226 359 Q.
1264 298 1524 349 HORATI
1562 299 1800 351 FLAGGI

678 431 815 501 quid
841 431 995 488 volui
1012 432 1032 489 2
1051 433 1064 459 '
1107 433 1268 505 dices,
1301 434 1400 489 ubi
1428 435 1560 506 quid
1591 440 1645 491 te
1674 437 1908 506 laeserit,
1941 441 1999 493 et
2025 437 2131 493 scis

678 510 742 567 in
767 513 930 570 breve
960 519 1016 571 te
1044 515 1180 586 cogi,
1213 533 1335 571 cum
1364 515 1557 586 plenus
1586 517 1812 590 languet
1840 524 2063 576 amator.

681 595 876 665 quodsi
905 614 1014 651 non
1043 596 1167 652 odio
1195 597 1470 668 peccantis
1501 597 1702 671 desipit
1729 620 1918 673 augur,

681 691 837 731 carus
864 677 972 732 eris
1002 676 1209 733 Romae
1234 677 1406 733 donec
1432 683 1487 735 te
1519 679 1732 739 deserat
1761 688 1912 738 aetas
1930 702 1947 754 3

681 761 1052 813 contrectatus
1081 758 1181 814 ubi
1206 759 1460 815 manibus
1489 762 1793 820 sordescere
1821 764 1974 835 vulgi

681 839 934 910 coeperis,
968 844 1065 894 aut
1092 840 1269 895 tineas
1296 859 1484 912 pasces
1515 844 1824 901 taciturnus
1852 847 2068 916 inertes,

681 925 784 976 aut
808 920 985 991 fugies
1015 920 1239 977 Uticam
1267 927 1366 978 aut
1395 923 1613 979 vinctus
1642 927 1878 983 mitteris
1905 926 2161 983 Ilerdam.

680 1000 884 1056 ridebit
913 1002 1152 1057 monitor
1181 1021 1287 1058 non
1315 1004 1625 1076 exauditUS,
1658 1013 1724 1063 ut
1752 1007 1861 1078 ille,

680 1082 781 1153 qui
807 1082 948 1138 male
976 1089 1256 1153 parentem
1284 1085 1342 1140 in
1372 1104 1532 1157 rupes
1562 1090 1829 1158 protrusit
1857 1088 2085 1145 asellum

680 1163 855 1218 iratus
883 1183 895 1218 :
938 1165 1061 1234 quis
1090 1166 1238 1221 enim
1265 1167 1506 1222 invitum
1536 1186 1753 1224 servare
1779 1170 2029 1227 laboret?

682 1243 786 1300 hoc
811 1262 1026 1315 quoque
1054 1250 1109 1302 te
1139 1253 1339 1318 manet,
1374 1253 1440 1304 ut
1467 1267 1662 1320 pueros
1690 1250 1962 1308 elementa
1989 1251 2274 1308 docentem

681 1331 908 1396 occupet
936 1328 1198 1384 extremis
1225 1329 1280 1383 in
1310 1330 1447 1385 vicis
1475 1330 1641 1386 balba
1670 1337 1936 1390 senectus.

680 1424 807 1462 cum
834 1405 940 1462 tibi
968 1407 1050 1464 sol
1076 1409 1295 1480 tepidus
1323 1410 1508 1481 plures
1537 1412 1843 1470 admoverit
1871 1432 2042 1484 aures,

681 1505 772 1544 me
797 1487 1056 1544 libertino
1081 1495 1277 1546 natum
1304 1496 1462 1562 patre
1489 1498 1547 1548 et
1574 1494 1630 1548 in
1659 1495 1813 1567 tenui
1840 1514 1896 1551 re

681 1569 913 1625 maiores
939 1571 1135 1641 pinnas
1166 1572 1291 1627 nido
1321 1573 1629 1630 extendisse
1657 1575 1908 1648 loqueris,

682 1655 750 1706 ut
777 1655 1044 1721 quantum
1071 1653 1255 1723 generi
1283 1653 1485 1725 demaS,
1517 1656 1820 1712 virtutibus
1848 1657 2017 1714 addas
2038 1680 2054 1730 3

682 1749 775 1787 me
799 1732 990 1802 primis
1018 1733 1174 1789 urbis
1202 1733 1332 1789 belli
1357 1735 1626 1805 placuisse
1652 1737 1922 1809 domique,

683 1813 921 1883 corporis
949 1815 1147 1885 exigui,
1180 1833 1521 1888 praecanum‚
1554 1817 1760 1874 solibus
1788 1825 1995 1890 aptum,

683 1893 843 1949 irasci
869 1893 1112 1965 celerem,
1146 1900 1331 1952 tamen
1360 1901 1427 1952 ut
1455 1898 1734 1969 placabilis
1764 1918 1952 1958 essem.

683 1973 825 2030 forte
852 1993 1037 2031 meum
1064 1976 1112 2032 si
1140 1978 1263 2048 quis
1291 1982 1349 2034 te
1375 1980 1785 2049 percontabitur
1815 1999 2027 2052 aevum,

682 2072 775 2111 me
800 2060 995 2126 quater
1021 2057 1265 2113 undenos
1293 2059 1434 2114 sciat
1460 2060 1750 2132 inplevisse
1779 2061 2123 2133 Decembres,

683 2134 949 2208 collegam
976 2137 1247 2210 Lepidum
1273 2157 1382 2211 quo
1411 2140 1555 2197 dixit
1582 2142 1794 2198 Lollius
1822 2161 1978 2201 ann0.

1102 2472 1347 2533 LIBER
1401 2474 1836 2535 SECUNDUS

1458 2646 1489 2701 I

686 2771 830 2830 CUM
857 2778 945 2830 tot
972 2777 1245 2831 sustineas
1272 2781 1329 2832 et
1358 2783 1520 2834 tanta
1546 2782 1766 2851 negotia
1792 2779 1955 2851 solus,

686 2872 775 2910 res
802 2855 977 2912 Italas
1005 2857 1173 2912 armis
1203 2859 1414 2928 tuteris,
1446 2861 1689 2917 moribus
1717 2879 1888 2932 ornes,

684 2935 896 3006 legibus
924 2938 1194 3008 emendes,
1226 2939 1283 2993 in
1309 2939 1530 3010 publica
1557 2942 1840 2998 commoda
1865 2960 2094 3014 peccem,

685 3017 734 3072 si
763 3016 920 3088 longo
946 3036 1195 3074 sermone
1222 3037 1398 3075 morer
1426 3025 1524 3076 tua
1551 3026 1812 3095 tempora,
1848 3023 2059 3079 Caesar.

685 3098 954 3154 Romulus
983 3105 1040 3155 et
1065 3100 1234 3155 Liber
1258 3105 1418 3172 pater
1445 3107 1500 3157 et
1529 3121 1654 3159 cum
1684 3103 1909 3161 Castore
1938 3104 2152 3176 Pollux,

683 3184 811 3250 post
836 3181 1082 3251 ingentia
1107 3181 1257 3237 facta
1284 3182 1509 3238 deorum
1538 3184 1595 3239 in
1624 3185 1832 3258 templa
1857 3187 2074 3257 recepti,

684 3259 819 3315 dum
844 3266 1018 3318 terras
1045 3262 1438 3335 hominumque
1466 3264 1653 3321 colunt
1679 3285 1865 3338 genUS,
1898 3284 2088 3338 aspera
2113 3267 2260 3324 bella

685 3349 1032 3413 componunt,
1064 3362 1223 3416 agros
1250 3345 1556 3417 adsignant,
1590 3347 1790 3419 oppida
1818 3347 2073 3420 condunt,

683 3422 963 3493 ploravere
990 3426 1103 3480 suis
1131 3444 1242 3481 non
1268 3426 1590 3498 respondere
1616 3428 1860 3484 favorem

683 3510 962 3574 speratum
990 3507 1218 3563 meritis,
1302 3507 1478 3562 diram
1506 3508 1603 3579 qui
1631 3508 1881 3566 contudit
1907 3509 2138 3580 hydram

682 3590 921 3656 notaque
949 3586 1109 3642 fatali
1136 3592 1393 3659 portenta
1421 3587 1604 3644 labore
1632 3589 1864 3661 subegit,

684 3668 947 3738 comperit
974 3668 1239 3725 invidiam
1267 3687 1519 3742 supremo
1547 3670 1656 3726 fine
1683 3670 1905 3728 domari.

682 3747 799 3802 urit
825 3748 969 3803 enim
1000 3748 1212 3821 fulgore
1239 3768 1351 3820 su0,
1385 3751 1481 3822 qui
1506 3757 1832 3824 praegravat
1859 3759 2004 3811 artes

2477 707 2530 736 10

2478 1110 2529 1155 15

2478 1518 2534 1548 20

2474 1923 2529 1968 25

2474 3536 2529 3567 10
