2792 4334
474 297 536 344 12

1198 296 1252 355 Q.
1291 295 1553 346 HORATI
1590 294 1828 346 FLAOGI

950 450 1181 505 pugnae,
1213 433 1329 488 sive
1358 451 1495 504 opus
1525 438 1611 490 est
1639 433 1953 505 imperitare
1982 432 2152 504 equis,

949 533 1060 570 non
1087 514 1278 585 auriga
1305 514 1474 586 piger.
1565 514 1864 584 Mfflflnffl.
1881 532 2097 586 quoque

951 613 1151 657 nosces,
1231 613 1353 651 ecce
1382 595 1521 668 Q'ss
1550 601 1608 652 te
1638 596 1872 676 reperire
1898 599 2059 651 atrox

1031 665 1271 749 Tydides
1300 676 1495 732 melior
1526 682 1717 749 patre:

989 776 1114 814 uem
1143 763 1222 827 tn,
1252 776 1279 814 c
1340 775 1446 814 vus
1474 759 1560 813 uti
1590 758 1751 814 vallis
1780 759 1840 814 in
1867 758 1922 814 al

950 840 1133 904 visum
1200 844 1318 895 arte
1345 839 1407 893 lu
1446 856 1539 894 um
1608 841 1746 895 rami
1791 841 1836 895 's
1864 839 2143 910 inmemor,

951 905 1179 988 sussllmi
1206 906 1382 992 fugies
1413 919 1599 975 mollis
1628 920 1895 993 anhelitu,

1034 1019 1142 1056 non
1170 1001 1269 1057 hoc
1297 1001 1581 1073 pollicitus
1612 1006 1754 1059 tuae.

953 1082 1217 1138 iracunda
1241 1082 1389 1137 diem
1420 1082 1661 1153 proferet
1744 1083 1798 1138 io

953 1164 1325 1235 matronisque
1356 1163 1508 1233 Phry
1673 1182 1701 1219 c
1724 1163 1864 1219 assis
1891 1162 2129 1219 Achillei
2149 1185 2165 1235 3

951 1250 1078 1317 post
1105 1248 1279 1301 certas
1308 1244 1517 1300 hiemes
1545 1250 1671 1300 uret
1698 1243 1972 1300 Achaicus

1034 1326 1179 1398 ignis
1208 1325 1406 1382 Iliacas
1435 1326 1661 1383 domos!

1444 1469 1590 1526 XVI

957 1577 1006 1633 Ο
1035 1581 1211 1633 matre
1238 1576 1468 1649 pulchra
1496 1576 1614 1632 filia
1641 1576 1932 1648 pulchrior,

956 1676 1120 1730 quem
1152 1658 1454 1713 criminosis
1485 1675 1716 1728 cumque
1745 1657 1895 1713 voles
1924 1657 2147 1713 modum

1038 1756 1204 1812 pones
1231 1739 1445 1809 iambiS‚
1481 1739 1597 1794 sive
1625 1738 1848 1793 flamma

1116 1820 1232 1875 sive
1258 1821 1398 1875 mari
1427 1820 1565 1875 libet
1595 1819 1894 1875 Hadriano,

958 1918 1068 1956 non
1098 1900 1462 1973 Dindymene,
1487 1900 1818 1979 *min->adytis
1846 1901 2028 1979 quatit

957 1986 1201 2039 mentem
1228 1972 1574 2059 sacerdotism
1596 1971 2059 2060 *incola'nyh'isffi

1039 2080 1149 2119 non
1179 2061 1343 2119 Liber
1370 2080 1558 2134 aeque,
1592 2060 1715 2118 no'r'i‘
1728 2058 1924 2118 acuta''‘

1117 2144 1199 2199 sic
1222 2144 1508 2216 geminant
1539 2143 1880 2215 Corybantes
1906 2161 2048 2215 aera,

959 2225 1148 2281 tristes
1176 2230 1241 2281 ut
1267 2224 1396 2297 irae,
1431 2243 1568 2297 quas
1598 2242 1773 2296 neque
1802 2224 2038 2280 Noricus

959 2307 1201 2363 deterret
1228 2307 1371 2362 ensis
1401 2324 1500 2363 nec
1528 2324 1678 2362 mare
1705 2305 2034 2377 naufragum

1040 2405 1140 2444 nec
1167 2405 1363 2444 saevus
1390 2388 1535 2459 ignis
1565 2406 1665 2444 nec
1690 2387 1974 2443 tremendo

1121 2468 1374 2541 Iuppiter
1401 2469 1518 2542 ipse
1545 2486 1709 2525 ruens
1736 2467 2003 2525 tumultu,

962 2550 1139 2605 fertur
1168 2549 1528 2606 Prometheus
1557 2549 1755 2606 addere
1782 2550 2015 2622 Qeipj

963 2630 1096 2686 limo
1123 2635 1343 2687 coactus
1369 2631 1699 2703 particulam
1725 2631 1969 2703 undique

1042 2711 1318 2768 desectam
1346 2717 1404 2768 et
1431 2713 1614 2768 insani
1641 2712 1812 2769 leonis

1121 2793 1237 2848 vim
1265 2792 1549 2850 stomacho
1578 2794 1894 2865 apposuisse
1922 2797 2124 2850 nostro,

964 2875 1077 2929 irae
1105 2873 1384 2946 Thyesten
1413 2875 1582 2930 exitio
1608 2875 1764 2946 gravi

965 2959 1225 3025 stravere,
1259 2960 1315 3011 et
1344 2955 1476 3029 altis
1505 2956 1733 3025 urbibus
1759 2955 1992 3012 ultimae

1045 3041 1486 3129 ΨΜ,
1507 3028 1957 3108 Qffffifftffl

1125 3117 1385 3193 Q
1407 3117 1834 3189 inprimeretque
1860 3118 2032 3173 muris

967 3197 1168 3255 hostile
1194 3202 1439 3254 aratrum
1467 3199 1738 3254 exercitus
1765 3198 2019 3254 insolens.

967 3296 1245 3352 compesce
1273 3283 1516 3335 mentem
1541 3300 1552 3336 ε
1595 3296 1683 3335 me
1709 3296 1927 3351 quoque
1953 3278 2192 3351 pectoris

1047 3361 1346 3432 temptavit
1373 3361 1433 3415 in
1459 3358 1608 3416 dulci
1634 3360 1863 3417 iuventa

1127 3442 1308 3498 fervor
1334 3446 1392 3497 et
1418 3441 1478 3496 in
1506 3440 1703 3498 celeres
1728 3441 1941 3498 iambos

968 3523 1119 3578 misit
1148 3523 1422 3579 furentem
1442 3541 1458 3593 3
1500 3539 1647 3577 nunc
1674 3539 1772 3594 ego
1798 3521 2031 3578 mitibus

970 3608 1184 3660 mutare
1212 3621 1415 3675 quaero
1444 3603 1645 3673 tristia,
1678 3602 1811 3658 dum
1839 3602 1979 3657 mihi

1049 3684 1148 3740 fias
1177 3684 1476 3741 recantatis
1501 3684 1681 3739 amica
1724 3757 1726 3759 Ι

1126 3765 1430 3838 opprobriis
1457 3765 1809 3837 animumque
1838 3764 2048 3822 reddas.

2496 860 2557 904 30

2498 1262 2557 1309 35

2505 2329 2562 2359 10

2508 2734 2563 2780 15

2508 3141 2568 3172 20

2509 3543 2567 3589 25
