2792 4334
442 310 533 358 188

1162 308 1216 368 Q.
1252 307 1514 358 HORATI
1552 306 1794 357 FLAOOI

27 415 119 526 sso-
165 419 503 517 memma..
528 472 663 493 -—-
681 451 782 514 aut
805 429 1012 502 famam
1039 462 1260 521 sequere
1288 448 1388 499 aut
1417 445 1521 500 sibi
1548 444 1928 501 convenientia
1954 444 2112 516 finge.

633 535 638 540 ’
682 529 913 600 scriptor
942 527 1266 583 honoratum
1294 526 1344 580 si
1372 525 2074 601 fortefreponisjAchillem,

681 609 894 681 inpiger
942 610 1050 664 irae
1129 607 1245 679 duS,
1276 607 1644 679 inexorabilis,
1674 626 1799 665 acer

681 686 803 747 istra
828 653 993 775 ugget
1019 626 1126 745 sigi
1155 663 1298 758 tiata,
1331 688 1472 743 nihil
1500 695 1852 761 non-arroget
1878 677 2058 746 armis
2083 710 2088 718 ’

681 773 760 829 sit
787 772 986 828 Medea
1010 770 1162 826 ferox
1188 771 1746 842 invictaque„flebilis
1775 772 1908 842 Ino„

682 853 923 926 perfidus
953 853 1127 923 Ixion,
1163 851 1225 906 Io
1251 869 1410 922 vaga,
1442 853 1619 908 tristis
1646 853 1881 910 Orestes,

682 936 733 991 si
761 933 891 1007 quid
919 934 1262 1005 inexpertum
1290 950 1514 989 scaenae
1543 935 1843 996 committ's
1901 939 1929 990 t
1957 933 2142 1013 audes

682 1033 970 1088 personam
997 1015 1229 1071 formare
1257 1033 1473 1085 novam,
1505 1020 1767 1085 servetur,
1781 952 2070 1086 ὲᾰῆΐῂῧῑῇῇ
2082 1031 2093 1041 ··

684 1096 862 1170 qualis
890 1095 963 1151 ab
990 1097 1204 1168 incepto
1232 1097 1660 1167 processeritset
1688 1096 1792 1152 sibi
1821 1102 2047 1153 constet.

684 1178 901 1234 difficile
931 1183 1017 1233 est
1043 1179 1255 1249 proprie
1284 1178 1596 1233 communia
1622 1177 1800 1234 dicere
1824 1198 1836 1243 3
1877 1183 2047 1249 tuque

686 1260 886 1318 rectius
917 1259 1147 1315 Iliacum
1178 1277 1394 1315 carmen
1423 1259 1643 1315 deducis
1670 1260 1728 1314 in
1756 1264 1929 1328 actus,

685 1358 851 1413 quam
879 1340 928 1396 si
956 1340 1223 1411 proferres
1239 1343 1442 1412 ,ignota
1468 1340 1783 1412 indictaque
1810 1341 2032 1412 primus,

686 1421 906 1494 publica
933 1423 1188 1478 materies
1213 1423 1422 1494 privati
1449 1422 1582 1478 iuris
1611 1423 1729 1494 erit,
1763 1423 1811 1478 si

684 1522 794 1559 non
821 1503 963 1560 circa
990 1496 2097 1575 vilemfpffffluffiqffffffiffibefismbem

686 1602 787 1641 nec
811 1585 979 1641 verbo
1006 1585 1236 1641 verbum
1264 1585 1479 1641 curabis
1506 1585 1896 1660 redderejdus

474 1644 1622 1874 Ldinterpresffles'imi'ta‘tor
1647 1667 1703 1721 in
1733 1671 1931 1736 artum,

686 1747 830 1804 unde
856 1742 1052 1820 peOEm
1079 1744 1317 1820 proferre
1346 1747 1521 1819 pudor
1547 1752 1700 1803 vetet
1728 1752 1826 1803 aut
1854 1749 2029 1819 operis
2055 1747 2162 1804 lex.

684 1847 787 1885 nec
811 1830 886 1885 sic
914 1829 1155 1901 incipies,
1187 1833 1251 1885 ut
1277 1829 1512 1900 scriptor
1538 1829 1772 1901 cyclicus
1800 1829 1962 1887 olim:

652 1914 665 1940 ‘
686 1911 964 1967 fortunam
994 1910 1202 1966 Priami
1228 1909 1461 1966 cantabo
1489 1915 1546 1966 et
1574 1910 1755 1966 nobile
1783 1910 2026 1966 bellum.'

686 1991 818 2064 quid
846 1991 1074 2063 dignum
1102 1996 1261 2048 tanto
1289 1991 1431 2048 feret
1459 1991 1547 2047 hic
1575 1992 1867 2063 promissor
1894 1991 2089 2047 hiatu?

686 2074 997 2150 parturient
1017 2072 1992 2149 montegnaseetm..ridiculusmus

686 2148 902 2227 quanto
921 2149 1123 2210 rectius
1150 2153 1250 2225 hic,
1283 2155 1382 2226 qui
1411 2153 1487 2209 nil
1515 2153 1743 2210 molitur
1769 2154 1988 2225 inepte:

652 2239 666 2265 ‘
684 2236 774 2292 dic
800 2235 952 2306 mihi,
985 2236 1163 2306 Musa,
1196 2237 1391 2307 virum,
1427 2240 1617 2307 captae
1642 2240 1768 2307 post
1798 2240 2043 2308 tempora
2070 2235 2263 2291 Troiae

687 2318 784 2389 qui
809 2335 986 2374 mores
1013 2318 1293 2373 hominum
1324 2316 1629 2372 multorum
1656 2316 1800 2372 vidit
1828 2321 1883 2372 et
1909 2317 2108 2373 urbes)

685 2417 797 2455 non
821 2399 1038 2455 fumum
1066 2417 1134 2455 ex
1161 2398 1387 2470 fulgore,
1421 2398 1515 2454 sed
1544 2416 1613 2454 ex
1639 2399 1791 2454 fumo
1819 2397 1947 2454 dare
1973 2398 2149 2454 lucem

687 2481 907 2552 cogitat,
940 2485 1007 2536 ut
1033 2481 1274 2560 Qiffia
1299 2480 1497 2536 dehinc
1525 2479 1788 2535 miracula
1815 2484 2043 2551 promat,

686 2561 1032 2633 Antiphaten
1061 2561 1411 2634 Scyllamque
1440 2567 1495 2618 et
1523 2537 1914 2633 Effffilope
1945 2560 2299 2634 Charybdim.

687 2661 790 2699 nec
815 2643 1054 2699 reditum
1083 2643 1368 2699 Diomedis
1400 2644 1470 2699 ab
1496 2643 1727 2700 interitu
1755 2642 2035 2714 Meleagri,

688 2743 789 2782 nec
814 2725 1032 2796 gemino
1043 2724 1264 2789 ‘bellum
1294 2725 1593 2780 Troianum
1622 2724 1834 2780 orditur
1860 2724 1931 2780 ab
1958 2741 2061 2780 ovo
2081 2745 2098 2796 3

686 2823 899 2879 semper
926 2805 999 2862 ad
1025 2793 1282 2862 Μαι
1310 2806 1541 2861 festinat
1570 2811 1627 2862 et
1654 2807 1710 2861 in
1739 2804 1947 2861 medias
1973 2824 2058 2861 res

687 2906 798 2943 non
824 2905 980 2944 secus
1009 2905 1069 2943 ac
1096 2891 1254 2942 notas
1282 2887 1589 2943 auditorem
1619 2888 1779 2959 rapit,
1814 2892 1868 2943 et
1897 2905 2035 2958 quae

687 2968 939 3041 desperat
969 2972 1207 3024 tractata
1232 2967 1493 3024 nitescere
1522 2986 1693 3040 posse,
1724 2968 1985 3040 relinquit
2006 2989 2022 3040 3

689 3055 855 3121 atque
882 3051 966 3106 ita
993 3050 1269 3121 mentitur,
1303 3050 1383 3104 sic
1411 3050 1553 3105 veris
1582 3049 1721 3105 falsa
1749 3050 2024 3119 remiscet,›

688 3132 864 3209 primo
891 3149 960 3187 ne
989 3130 1243 3201 medium,
1276 3130 1458 3186 medio
1484 3149 1552 3186 ne
1581 3130 1852 3202 discrepet
1878 3131 2088 3217 imum.)

27 3243 654 3455 Ml*

27 3412 529 3526 adme...

36 3533 593 3944 w

689 3218 772 3283 tu,
801 3212 936 3284 quid
964 3230 1061 3284 ego
1088 3216 1147 3268 et
1175 3211 1409 3283 populus
1437 3230 1650 3268 mecum
1677 3211 1965 3283 desideret,
1996 3211 2138 3268 audi.

690 3294 740 3349 si
768 3294 1032 3366 plausoris
1058 3311 1184 3365 eges
1212 3292 1403 3349 aulaea
1430 3294 1701 3349 manentis
1729 3298 1787 3349 et
1814 3309 1985 3364 usque

689 3376 904 3447 sessuri,
938 3375 1107 3431 donec
1136 3379 1323 3430 cantor
1357 3376 1372 3402 ‘
1388 3391 1486 3430 vos
1512 3374 1758 3445 plaudite
1777 3375 1790 3399 '
1819 3374 1981 3444 dicat,

726 3457 888 3512 etatis
918 3458 1181 3528 cuiusque
1208 3454 1437 3511 notandi
1464 3459 1594 3511 sunt
1621 3455 1726 3511 tibi
1753 3459 2003 3592 morea}fl

690 3537 1090 3609 mobilibusque
1120 3537 1279 3593 decor
1306 3536 1518 3592 naturis
1547 3535 1760 3591 dandus
1789 3540 1847 3591 et
1873 3553 1943 3591 an
1987 3537 2045 3592 ‘s.

690 3617 913 3675 reddere
942 3620 1038 3691 qui
1064 3636 1225 3675 voces
1250 3619 1361 3673 iam
1391 3617 1493 3672 scit
1521 3634 1655 3689 puer
1681 3623 1739 3672 et
1766 3617 1903 3689 pede
1932 3623 2078 3674 certo

688 3699 872 3770 signat
899 3699 1148 3771 humum,
1181 3700 1350 3771 gestit
1379 3698 1601 3770 paribus
1629 3697 1913 3770 colludere,
1948 3704 2003 3755 et
2031 3700 2168 3754 iram

691 3780 899 3851 colligit
928 3799 993 3836 ao
1018 3783 1175 3853 ponit
1205 3786 1422 3852 temere,
1457 3784 1511 3835 et
1539 3784 1788 3837 mutatur
1816 3782 1869 3835 in
1901 3781 2074 3836 horas.

2438 548 2521 578 120

2438 953 2519 999 125

2439 1363 2523 1407 130

2440 1767 2522 1814 135

2442 2176 2526 2220 140

2443 2582 2525 2628 145

2447 3793 2530 3834 160
