2792 4334
432 313 523 366 178

1130 317 1186 377 Q.
1232 315 1495 367 HORATI
1535 314 1774 367 FLAGOI

669 467 795 506 cum
820 450 1187 507 lamentamur
1213 466 1322 504 non
1351 466 1609 519 apparere
1635 448 1847 505 labores

667 538 884 589 nostros
912 536 969 589 et
996 532 1152 588 tenui
1179 529 1417 586 deducta
1441 536 1697 601 poemata
1722 529 1855 601 fflo,
1841 549 1853 561 ·
2423 550 2508 593 225

669 632 796 670 cum
822 631 1101 707 speramus
1131 630 1195 668 eo
1219 629 1337 667 rem
1365 617 1655 667 venturam
1683 617 1764 683 ut,
1797 609 1961 666 simul
1988 612 2155 680 atque

669 696 912 752 carmina
936 693 1180 750 rescieris
1207 710 1306 748 nos
1333 691 1555 765 fingere,
1589 692 1902 749 commodus
1928 691 2075 788 ultro

669 795 907 834 arcessas
936 781 992 832 et
1019 792 1175 847 egere
1202 778 1357 831 vetes
1385 780 1441 830 et
1469 773 1702 831 scribere
1730 791 1904 845 cogas.

640 873 642 876 ’
669 859 767 915 sed
796 862 980 914 tamen
1008 862 1093 912 est
1123 874 1314 928 operae
1343 856 1584 926 pretium
1611 872 1926 928 cognoscere
1953 852 2141 927 quales

670 940 918 996 aedituos
944 938 1151 994 habeat
1177 936 1310 994 belli
1337 942 1588 1009 spectata
1612 937 1868 1008 domique
2426 956 2513 1001 230

668 1023 862 1089 virtus,
892 1019 1118 1090 indigno
1147 1038 1253 1075 non
1282 1018 1678 1074 committenda
1703 1021 1909 1090 poetae.

667 1108 859 1174 gratus
886 1101 1200 1157 Alexandro
1228 1101 1345 1172 regi
1371 1117 1572 1170 magno
1599 1099 1708 1154 fuit
1736 1099 1832 1154 ille

671 1182 973 1253 ChoeriluS,
1005 1183 1230 1239 incultis
1258 1182 1355 1253 qui
1382 1181 1633 1238 versibus
1661 1185 1718 1236 et
1744 1180 1889 1236 male
1915 1180 2063 1235 natis

668 1264 888 1320 rettulit
914 1268 1178 1336 acceptos,
1210 1262 1391 1335 regale
1419 1262 1703 1333 nomisma,
1738 1261 2037 1332 Philippos,

666 1345 766 1401 sed
792 1344 966 1401 veluti
996 1349 1236 1401 tractata
1263 1349 1454 1400 notam
1482 1343 1774 1415 labemque
1799 1343 2093 1398 remittunt
2427 1360 2513 1407 235

584 1464 588 1467 »
667 1431 994 1497 atramenta,
1026 1426 1140 1483 fere
1168 1426 1457 1498 scriptores
1487 1425 1722 1481 carmine
1752 1423 1910 1479 foedo

667 1507 955 1579 splendida
981 1507 1133 1563 facta
1160 1506 1359 1563 linunt.
1444 1506 1593 1562 idem
1619 1523 1715 1562 rex
1742 1505 1850 1573 ille,
1880 1521 2075 1576 poema

668 1590 767 1661 (1111
792 1594 909 1644 tam
936 1586 1228 1644 ridiculum
1256 1592 1375 1643 tam
1404 1605 1526 1643 care
1554 1587 1812 1659 prodigus
1840 1586 1988 1657 emit,

668 1670 847 1726 edicto
874 1670 1070 1741 vetuit,
1104 1687 1173 1725 ne
1203 1670 1325 1741 quis
1353 1687 1411 1724 se
1438 1672 1655 1740 praeter
1681 1667 1914 1739 Apellen

666 1752 915 1823 pingeret
942 1756 1040 1806 aut
1067 1750 1207 1806 alius
1238 1750 1480 1823 Lysippo
1510 1749 1731 1805 duceret
1759 1767 1885 1804 aera
2425 1769 2514 1811 240

668 1833 826 1889 fortis
856 1831 1159 1888 Alexandri
1186 1831 1408 1887 vultum
1434 1829 1768 1887 simulantia.
1854 1828 2050 1901 quodsi

668 1914 932 1969 iudicium
959 1912 1164 1970 subtile
1191 1912 1443 1968 videndis
1473 1911 1684 1967 artibus
1711 1909 1851 1965 illud

667 1994 741 2050 ad
767 1994 933 2051 libros
960 1999 1018 2051 et
1044 1994 1118 2050 ad
1145 1994 1276 2049 haec
1306 1993 1596 2049 Musarum
1623 1991 1767 2048 dona
1792 2008 2025 2060 vocares,

668 2075 939 2132 Boeotum
965 2077 1025 2131 in
1053 2093 1233 2131 crasso
1261 2074 1470 2130 iurares
1500 2091 1620 2129 aere
1649 2078 1858 2129 natum.

667 2161 729 2213 at
756 2174 929 2229 neque
957 2157 1286 2213 dedecorant
1314 2159 1415 2211 tua
1446 2155 1516 2210 de
1546 2172 1602 2210 se
1627 2152 1830 2209 iudicia
1856 2157 2024 2224 atque
2428 2172 2513 2218 245

665 2256 908 2308 munera,
939 2255 1078 2309 quae
1108 2237 1287 2293 multa
1315 2236 1501 2292 dantis
1530 2253 1653 2291 cum
1679 2234 1843 2290 laude
1869 2234 2119 2291 tulerunt

666 2319 855 2376 dilecti
883 2319 987 2375 tibi
1014 2318 1295 2390 Vergilius
1323 2317 1632 2388 Variusque
1659 2321 1866 2388 poetae,

667 2419 768 2457 nec
793 2401 966 2472 magis
995 2401 1235 2472 expressi
1260 2399 1454 2455 vultus
1482 2415 1582 2470 per
1607 2414 1776 2453 aenea
1803 2398 1972 2467 signa,

668 2500 832 2553 quam
862 2500 958 2553 per
985 2482 1133 2538 vatis
1162 2498 1297 2553 opus
1325 2498 1503 2536 mores
1533 2479 1809 2550 animique
1837 2478 2079 2533 virorum

666 2563 934 2619 clarorum
961 2567 1239 2635 apparent.
1330 2579 1429 2617 nec
1455 2578 1731 2617 sermones
1759 2577 1857 2630 ego
1883 2558 2103 2615 mallem
2429 2578 2516 2625 250

667 2648 919 2717 repentes
948 2662 1044 2716 per
1070 2643 1303 2699 humum
1334 2661 1499 2715 quam
1529 2659 1615 2698 res
1642 2657 1961 2712 componere
1987 2643 2188 2710 gestas,

668 2730 1044 2796 terrarumque
1071 2726 1212 2781 situs
1240 2731 1299 2780 et
1329 2724 1560 2779 flumina
1588 2723 1764 2779 dicere
1786 2727 1841 2778 et
1868 2738 2017 2777 arces

666 2806 951 2863 montibus
976 2806 1241 2877 inpositas
1270 2809 1329 2861 et
1355 2804 1592 2861 barbara
1617 2822 1785 2875 regna
1812 2803 2032 2874 tuisque

668 2888 923 2959 auspiciis
951 2893 1137 2944 totum
1164 2887 1411 2943 confecta
1438 2885 1623 2942 duella
1650 2903 1747 2958 per
1774 2883 1974 2954 orbem,

668 2970 1014 3041 claustraque
1042 2968 1326 3025 custodem
1354 2967 1503 3039 pacis
1534 2966 1845 3022 cohibentia
1873 2964 2072 3020 Ianum
2427 2984 2514 3031 255

668 3055 727 3106 et
753 3050 1106 3106 formidatam
1137 3049 1359 3105 Parthis
1389 3052 1445 3104 te
1473 3049 1716 3120 principe
1746 3048 1994 3116 Romam,

668 3132 734 3203 si,
766 3137 1034 3203 quantum
1062 3147 1329 3203 cuperem,
1362 3146 1576 3201 possem
1606 3147 1821 3200 quoque
1839 3147 1857 3199 3
1897 3127 1993 3183 sed
2023 3143 2199 3198 neque
2227 3143 2457 3198 parvum

669 3231 887 3269 carmen
914 3212 1175 3269 maiestas
1201 3211 1395 3282 recipit
1424 3215 1540 3281 tua,
1573 3228 1669 3266 nec
1698 3227 1851 3265 meus
1878 3208 2045 3264 audet

668 3312 784 3350 rem
812 3299 1084 3366 temptare
1115 3293 1303 3365 pudor,
1336 3309 1504 3363 quam
1534 3292 1675 3347 vires
1704 3291 1844 3347 ferre
1871 3295 2138 3346 recusent.

669 3376 936 3432 sedulitas
964 3381 1153 3431 autem
1181 3374 1368 3443 stulte,
1401 3390 1565 3444 quem
1594 3372 1794 3443 diligit,
1829 3375 2041 3442 urguet,
2428 3378 2517 3424 260

669 3458 955 3529 praecipue
986 3475 1111 3512 cum
1140 3475 1196 3512 se
1224 3455 1465 3510 numeris
1495 3452 1843 3508 commendat
1871 3458 1928 3508 et
1956 3457 2107 3510 arte:

669 3537 833 3594 discit
861 3540 1004 3595 enim
1035 3538 1199 3594 citius
1226 3535 1588 3605 meminitque
1612 3533 1878 3590 libentius
1904 3533 2044 3589 illud

669 3620 816 3689 quod
844 3621 966 3691 quis
995 3619 1223 3689 deridet,
1253 3634 1421 3689 quam
1449 3615 1597 3687 quod
1622 3615 1821 3687 probat
1849 3620 1905 3671 et
1933 3619 2240 3672 veneratur.

669 3699 750 3755 nil
778 3719 956 3756 moror
985 3702 1221 3756 officium
1248 3697 1396 3771 quod
1423 3714 1515 3753 me
1542 3701 1753 3769 gravat,
1786 3714 1848 3752 ac
1875 3714 2049 3768 neque
2076 3696 2207 3752 ficto

668 3782 727 3836 in
755 3782 908 3852 peius
936 3782 1100 3838 vultu
1130 3781 1355 3853 proponi
1382 3795 1570 3835 cereus
1596 3796 1827 3849 usquam
2433 3789 2519 3845 265
