2792 4334
959 291 1349 345 SERMONUM
1385 295 1514 346 LIB.
1553 296 1624 347 11.
1666 299 1694 344 4

511 426 719 480 curvat
743 441 875 496 aper
900 423 1085 481 lances
1112 443 1332 484 carnem
1358 429 1594 489 vitantis
1620 430 1892 485 inertem:

512 523 652 561 nam
679 505 925 562 Laurens
952 506 1131 563 malus
1161 513 1264 580 est,
1295 509 1445 566 ulvis
1472 516 1529 567 et
1555 509 1865 567 harundine
1894 510 2134 583 pinguis.

512 587 685 642 vinea
710 587 1016 643 summittit
1046 606 1267 660 capreas
1295 609 1408 647 non
1436 610 1651 665 semper
1678 590 1884 650 edules,

512 666 787 724 fecundae
814 667 1016 741 leporis
1044 670 1262 741 sapiens
1291 672 1598 730 sectabitur
1626 691 1823 730 armos.

510 747 761 820 piscibus
787 754 953 821 atque
982 750 1180 807 avibus
1208 770 1346 824 quae
1372 759 1576 811 natura
1603 760 1662 812 et
1688 755 1832 811 foret
1860 759 2028 825 aetas,

511 833 652 885 ante
680 847 862 886 meum
890 830 1034 887 nulli
1059 833 1247 904 patuit
1274 836 1525 906 quaesita
1549 836 1817 908 palatum.

511 914 655 966 sunt
681 928 911 982 quorum
939 913 1224 984 ingenium
1253 934 1397 972 nova
1424 921 1649 973 tantum
1677 917 1924 975 crustula
1949 918 2167 990 promit.

512 1009 869 1064 nequaquam
895 994 1036 1050 satis
1063 995 1122 1051 in
1148 1014 1207 1052 re
1235 1014 1347 1053 una
1374 1015 1693 1055 consumere
1720 1016 1909 1056 curam
1927 1020 1944 1073 3

511 1077 581 1128 ut
608 1073 665 1128 si
692 1074 815 1145 quis
842 1074 1022 1131 solum
1049 1076 1172 1146 hoc,
1201 1077 1349 1134 mala
1375 1097 1448 1134 ne
1475 1080 1590 1135 sint
1617 1080 1765 1150 vina,
1797 1080 2029 1151 laboret,

512 1152 674 1225 quali
698 1153 996 1226 perfundat
1022 1157 1198 1229 pisces
1227 1176 1451 1215 securus
1478 1159 1639 1218 olivo,

512 1234 763 1292 Massica
788 1236 838 1292 si
864 1236 1015 1293 caelo
1043 1256 1317 1311 suppones
1342 1240 1479 1296 vina
1504 1259 1708 1313 serem,

511 1320 806 1387 nocturna,
837 1318 886 1373 si
911 1318 1053 1390 quid
1079 1321 1249 1376 crassi
1276 1325 1376 1392 est,
1410 1322 1736 1379 tenuabitur
1762 1340 1913 1394 aura,

512 1402 570 1454 et
598 1396 834 1454 decedet
861 1399 995 1456 odor
1020 1401 1208 1457 nervis
1235 1401 1528 1475 inimicus3
1567 1408 1632 1460 at
1659 1404 1763 1460 illa

509 1478 797 1554 integrum
824 1480 1065 1552 perdunt
1090 1481 1206 1539 lino
1231 1483 1436 1540 vitiata
1462 1502 1726 1557 saporem.

514 1559 850 1617 Surrentina
876 1561 1033 1618 vafer
1058 1564 1155 1635 qui
1183 1564 1378 1621 miscet
1406 1565 1556 1622 faece
1587 1566 1825 1623 Falerna

510 1641 667 1713 vina,
700 1641 1010 1699 columbino
1037 1643 1236 1701 limum
1261 1645 1403 1702 bene
1432 1646 1645 1719 colligit
1672 1665 1788 1719 ove,

511 1726 793 1794 quatenus
817 1724 932 1780 ima
958 1726 1102 1796 petit
1128 1726 1358 1783 volvens
1385 1726 1564 1784 aliena
1591 1728 1833 1786 vitellus.

511 1804 685 1860 tostis
713 1810 1048 1862 marcentem
1074 1806 1293 1878 squillis
1318 1808 1592 1865 recreabis
1620 1814 1679 1865 et
1705 1808 1846 1865 Afra

510 1890 768 1957 potorem
797 1885 977 1943 coclea
997 1906 1015 1958 3
1057 1906 1189 1944 nam
1216 1888 1435 1946 lactuca
1460 1890 1685 1947 innatat
1711 1890 1824 1946 acri

511 1971 646 2037 post
672 1967 866 2023 vinum
894 1969 1178 2026 stomacho
1199 1990 1215 2041 3
1255 1987 1428 2043 perna
1453 1972 1632 2043 magis
1659 1976 1715 2028 et
1744 1971 1925 2043 magis
1949 1971 2102 2028 hillis

508 2046 739 2119 flagitat
765 2049 1041 2106 inmorsus
1067 2051 1217 2107 refici
1237 2071 1255 2122 3
1298 2052 1433 2124 quin
1463 2053 1649 2108 omnia
1675 2053 1837 2109 malit

508 2147 892 2201 quaecumque
917 2131 1202 2188 inmundis
1232 2132 1453 2190 fervent
1480 2133 1655 2190 allata
1681 2133 1919 2206 popinis.

508 2214 595 2266 est
629 2228 825 2282 operae
850 2212 1094 2284 pretium
1121 2213 1360 2286 duplicis
1386 2232 1704 2287 pernoscere
1730 2215 1872 2272 iuris

508 2296 790 2349 naturam.
875 2293 1111 2366 simplex
1138 2312 1169 2351 e
1200 2294 1349 2351 dulci
1377 2300 1596 2353 constat
1626 2296 1784 2368 olive,

510 2373 665 2445 quod
692 2373 888 2445 pingui
913 2375 1141 2432 miscere
1169 2394 1321 2432 mero
1348 2377 1638 2449 muriaque
1667 2377 1885 2434 decebit

508 2472 623 2510 non
654 2453 778 2526 alia,
811 2472 979 2526 quam
1006 2474 1117 2527 qua
1146 2457 1422 2528 Byzantia
1447 2459 1640 2530 putuit
1667 2476 1804 2516 orca.

507 2535 614 2591 hoc
645 2534 742 2591 ubi
772 2536 1061 2593 confusum
1086 2539 1254 2594 sectis
1280 2538 1549 2596 inferbuit
1576 2540 1764 2596 herbis

511 2616 857 2688 Corycioque
884 2636 1039 2674 croco
1067 2636 1322 2690 sparsum
1350 2620 1528 2691 stetit,
1559 2621 1787 2693 insuper
1814 2620 1985 2677 addes

508 2715 706 2770 pressa
729 2697 1081 2756 Venafranae
1109 2700 1259 2771 quod
1287 2700 1425 2757 baca
1452 2702 1665 2758 remisit
1693 2702 1887 2759 olivae.

511 2779 735 2835 Picenis
762 2779 967 2836 cedunt
992 2782 1172 2852 pomis
1203 2781 1463 2838 Tiburtia
1488 2799 1617 2839 suco
1636 2803 1653 2855 3

508 2877 647 2915 nam
674 2860 814 2916 facie
840 2866 1142 2933 praestant.
1231 2863 1580 2920 vennuncula
1608 2864 1868 2921 convenit
1898 2862 2020 2919 ollis
2039 2884 2057 2934 3

508 2941 721 2997 rectius
746 2940 1027 2998 Albanam
1054 2943 1207 2999 fumo
1236 2943 1520 3001 duraveris
1546 2964 1729 3003 uvam.

509 3021 659 3078 hanc
686 3039 786 3094 ego
813 3041 938 3079 cum
965 3024 1143 3095 malis,
1159 3043 1276 3118 'ego
1304 3026 1512 3082 faecem
1537 3027 1749 3098 primus
1778 3031 1837 3083 et
1865 3025 2018 3095 allec,

511 3104 731 3175 primus
757 3108 815 3160 et
842 3104 1093 3161 invenior
1118 3106 1275 3178 piper
1301 3105 1493 3163 album
1520 3125 1647 3164 cum
1674 3108 1786 3164 sale
1813 3108 1969 3179 nigro

508 3185 788 3241 incretum
816 3186 970 3258 puris
998 3186 1452 3259 circumposuisse
1480 3189 1698 3247 catillis.

508 3266 736 3323 inmane
763 3271 851 3323 est
875 3267 1083 3323 vitium
1110 3268 1242 3325 dare
1269 3269 1427 3325 milia
1454 3274 1612 3327 terna
1639 3269 1870 3328 macello

510 3352 862 3420 angustoque
888 3366 1060 3420 vagos
1087 3349 1263 3421 pisces
1289 3368 1523 3421 urguere
1551 3353 1748 3409 catino,

511 3446 721 3501 magna
744 3434 934 3486 movet
961 3430 1246 3487 stomacho
1273 3431 1517 3502 fastidia,
1550 3450 1649 3490 seu
1675 3450 1811 3506 puer
1839 3431 2022 3487 unctis

509 3510 784 3567 tractavit
808 3510 1036 3567 calicem
1062 3511 1333 3583 manibus,
1365 3512 1503 3568 dum
1528 3513 1683 3571 furta
1708 3513 1944 3585 ligurrit,

509 3591 631 3648 sive
659 3591 848 3663 gravis
872 3592 1051 3649 veteri
1078 3597 1323 3650 craterae
1350 3593 1518 3650 limus
1545 3596 1816 3652 adhaesit.

509 3672 722 3729 vilibus
748 3672 809 3728 in
837 3674 1030 3745 scopis,
1064 3675 1122 3729 in
1150 3676 1382 3746 mappis,
1416 3675 1478 3730 in
1505 3677 1666 3733 scobe
1693 3679 1937 3749 quantus

510 3754 771 3811 consistit
797 3755 1092 3827 sumptus?
1171 3756 1447 3826 neclectis,
1463 3756 1755 3830 flagitium
1781 3758 1989 3830 ingens.

2275 302 2369 352 135

2312 779 2372 826 45

2313 1589 2371 1636 55

2315 2806 2373 2848 70

2313 3208 2370 3254 75
