2792 4334
1219 295 1432 346 EPODI

675 424 766 481 hic
792 426 1124 484 inresectum
1152 446 1315 485 saeva
1342 429 1510 487 dente
1535 430 1710 487 livido

758 505 992 564 Canidia
1018 510 1215 566 rodens
1242 510 1498 581 pollicem

675 587 811 659 quid
839 588 984 645 dixit
1010 595 1110 646 aut
1139 591 1274 662 quid
1300 594 1517 650 tacuit?
1563 597 1577 623 ‘
1594 613 1627 650 0
1655 592 1817 649 rebus
1848 595 1983 651 meis

754 687 865 725 non
892 671 1141 727 infideles
1170 672 1425 743 arbitrae,

674 748 807 806 Nox
833 757 891 807 et
923 751 1123 824 Diana,
1157 771 1295 825 quae
1323 755 1612 812 silentium
1639 757 1796 828 regis,

754 850 954 888 arcana
981 851 1104 889 cum
1138 835 1282 891 fiunt
1309 854 1479 906 sacra,

672 930 834 984 nunc,
866 932 1012 970 nunc
1038 915 1243 987 adeste,
1275 935 1424 973 nunc
1449 918 1507 973 in
1534 917 1767 975 hostiles
1794 919 1983 976 domos

752 995 894 1050 iram
920 1001 1087 1067 atque
1114 1015 1319 1055 numen
1347 999 1567 1056 vertite.

671 1075 1038 1133 formidolosis
1065 1096 1194 1134 cum
1220 1078 1402 1135 latent
1429 1079 1586 1137 silvis
1615 1080 1761 1137 ferae

738 1156 900 1213 'dulci
927 1176 1116 1230 sopore
1144 1159 1453 1231 languidae,

669 1255 873 1309 senem,
904 1240 1052 1311 quod
1078 1259 1268 1297 omnes
1294 1240 1529 1315 rideant,
1563 1242 1882 1300 adulterum

750 1319 957 1377 latrent
986 1320 1307 1379 Suburanae
1335 1341 1498 1380 canes

669 1401 842 1457 nardo
868 1408 1210 1475 perunctum,
1246 1404 1408 1476 quale
1436 1423 1544 1462 non
1575 1406 1874 1479 perfectius

750 1500 903 1539 meae
930 1483 1233 1541 laborarint
1262 1504 1472 1542 1030113.

669 1563 805 1635 quid
831 1565 1067 1622 accidit‘l
1108 1584 1206 1622 cur
1234 1566 1355 1624 dira
1381 1568 1650 1626 barbarae
1677 1570 1862 1626 1010113

746 1663 960 1703 venena
989 1647 1217 1705 Medeae
1245 1648 1451 1720 valent,

667 1726 868 1798 quibus
894 1729 1188 1800 superbam
1214 1731 1363 1802 fugit
1390 1731 1514 1792 ulta
1538 1732 1820 1804 paelicem,

747 1810 935 1880 magni
966 1809 1218 1866 Creontis
1247 1811 1437 1883 filiam,

667 1907 794 1946 cum
821 1891 984 1962 palla,
1017 1891 1150 1948 tabo
1179 1911 1381 1949 munus
1410 1894 1687 1964 inbutum,
1717 1913 1922 1952 novam

746 1972 997 2029 incendio
1023 1979 1266 2046 nuptam·
1287 1975 1524 2032 abstulit
1541 1976 1562 2033 ’1

663 2054 823 2126 atqui
849 2072 949 2110 nec
977 2054 1149 2110 herba
1179 2074 1277 2112 nec
1301 2055 1484 2113 latens
1511 2058 1573 2113 in
1599 2059 1807 2131 asperis

744 2135 902 2190 radix
928 2136 1128 2192 fefellit
1158 2155 1246 2193 me
1274 2137 1423 2195 10013.

662 2216 928 2272 indormit
957 2218 1140 2273 unctis
1170 2219 1419 2274 omnium
1447 2220 1722 2277 cubilibus

746 2295 1020 2354 oblivione
1048 2299 1333 2370 paelicum.

660 2395 710 2449 a,
742 2396 790 2448 a,
823 2378 1037 2435 solutus
1065 2380 1317 2436 ambulat
1347 2381 1625 2438 veneficae

742 2459 1047 2516 scientioris
1076 2462 1331 2518 carmine.

660 2558 770 2596 000
799 2541 1041 2612 usitatis,
1074 2542 1239 2612 Vare‚
1274 2543 1608 2615 potionibuS,

740 2639 772 2677 o
799 2622 980 2679 multa
1006 2623 1269 2679 fleturum
1299 2629 1485 2696 caput,

658 2702 732 2758 ad
759 2721 846 2760 me
874 2721 1132 2775 recurres,
1167 2723 1265 2761 nec
1293 2712 1492 2762 vocata
1518 2724 1679 2763 mens
1705 2713 1806 2764 tua

739 2784 943 2840 Marsis
972 2785 1178 2842 redibit
1209 2786 1451 2843 vocibus,

656 2865 836 2921 maius
862 2866 1082 2938 parab0‚
1118 2868 1298 2923 maius
1326 2868 1620 2924 infundam
1651 2870 1756 2926 tibi

734 2941 1044 3004 'fastidienti
1070 2948 1345 3020 poculum,

653 3028 915 3100 priusque
945 3028 1158 3085 caelum
1187 3030 1331 3086 sidet
1360 3031 1593 3087 inferius
1623 3032 1763 3088 mari

735 3108 934 3165 tellure
961 3115 1211 3182 porrecta
1240 3129 1419 3183 super,

653 3207 821 3261 quam
848 3208 958 3246 non
985 3209 1171 3247 amore
1200 3193 1278 3248 sic
1305 3211 1429 3249 meo
1458 3194 1656 3265 flagres
1684 3195 1770 3251 uti

732 3271 985 3328 bitumen
1011 3273 1149 3328 atris
1178 3274 1439 3344 ignibus!

651 3351 758 3407 sub
784 3352 918 3409 haec
946 3371 1081 3425 puer
1107 3354 1223 3410 iam
1251 3373 1377 3425 000,
1412 3362 1480 3412 ut
1509 3361 1658 3427 ante,
1691 3357 1952 3414 mollibus

732 3433 903 3490 lenire
929 3434 1113 3491 verbis
1142 3436 1337 3508 inpias,

650 3513 749 3570 sed
776 3514 979 3571 dubius
1005 3516 1153 3572 unde
1182 3522 1465 3590 rumperet
1494 3518 1795 3591 silentium,

730 3596 885 3652 misit
912 3596 1215 3669 Thyesteas
1242 3616 1465 3669 preces:

632 3679 646 3705 ‘
663 3694 874 3733 venena
899 3696 1164 3749 magnum
1191 3679 1275 3735 fas
1303 3680 1566 3751 nefasque
1594 3699 1706 3737 000
1732 3683 1924 3739 valent

735 3764 1054 3816 convertere
1082 3760 1384 3817 humanam
1414 3762 1607 3819 vicem.

2316 1108 2371 1156 55

2309 2332 2366 2373 70

2308 2736 2365 2782 75

2306 3132 2364 3175 80

2707 0 2787 21 ”7⁸:3¹1-
