2792 4334
447 317 539 363 166

1125 278 1127 282 ¹
1174 317 1230 377 Q.
1268 315 1529 367 HoRA'rI
1565 316 1803 367 FLAccr

603 468 821 524 semper
847 453 904 508 in
932 451 1182 524 augenda
1208 450 1437 508 festinat
1465 456 1522 507 et
1551 452 1800 509 obruitur
1826 470 1897 509 re.

604 533 840 591 vendere
868 552 992 591 cum
1020 533 1195 605 possis
1222 532 1517 604 captivum,
1547 533 1785 590 occidere
1817 533 1928 589 noli
1951 553 1965 591 :

603 616 809 672 serviet
832 616 1080 672 utiliter:
1121 615 1238 670 sine
1265 618 1455 685 pascat
1483 614 1651 671 durus
1678 620 1917 687 aretque,

604 697 832 769 naviget
858 715 922 753 ac
945 696 1140 752 mediis
1169 695 1374 751 hiemet
1402 702 1670 753 mercator
1695 698 1752 753 in
1786 696 1962 768 undis,

606 796 853 835 annonae
879 778 1069 850 prosit,
1102 781 1283 849 portet
1311 775 1590 834 frumenta
1614 795 1908 850 penusque.

604 861 691 916 vir
719 861 893 917 bonus
921 862 977 915 et
1005 859 1220 930 sapiens
1248 857 1477 914 audebit
1504 859 1679 916 dicere
1712 862 1726 889 ‘
1743 859 2011 930 Pentheu‚

606 946 787 998 rector
814 941 1139 1011 Thebarum,
1174 939 1306 1012 quid
1335 958 1423 996 me
1450 940 1685 1011 perferre
1713 941 1936 1013 patique

605 1022 894 1096 indignum
921 1039 1078 1093 coges
1095 1022 1114 1077 ‘3
1129 1022 1142 1047 '
1203 1024 1216 1051 ‘
1234 1021 1475 1077 adimam
1502 1021 1679 1078 bona.'
1767 1023 1780 1050 ‘
1797 1040 1991 1094 nempe
2018 1038 2199 1094 pecus,
2232 1038 2361 1089 rem,

606 1103 795 1173 lectos,
823 1108 1112 1174 argentum
1135 1123 1147 1159 :
1186 1103 1349 1159 tollas
1377 1102 1540 1159 licet!
1628 1104 1641 1131 ‘
1657 1103 1715 1158 in
1743 1103 1971 1159 manicis
1999 1108 2058 1159 et

606 1184 956 1257 compedibus
984 1202 1147 1241 saevo
1175 1189 1232 1240 te
1259 1183 1364 1240 sub
1390 1184 1615 1240 custode
1648 1183 1881 1241 tenebo!

572 1268 587 1295 ‘
602 1267 720 1338 ipse
748 1266 895 1336 (10118,
928 1265 1094 1322 simul
1120 1270 1287 1337 atque
1315 1264 1516 1334 volam,
1544 1283 1632 1321 me
1659 1265 1871 1323 solvet.'
1954 1266 2157 1336 opinor,

607 1347 709 1404 hoc
736 1347 907 1404 sentit
941 1347 1204 1402 ‘morian'
1286 1364 1433 1402 mors
1460 1346 1660 1403 ultima
1686 1346 1831 1402 linea
1859 1364 2042 1403 rerum
2069 1351 2166 1404 est.

1407 1542 1584 1599 XVII

609 1664 888 1735 Quamvis,
923 1664 1142 1736 Scaeva,
1177 1664 1311 1721 satis
1340 1682 1436 1736 per
1464 1669 1521 1720 te
1548 1663 1653 1720 tibi
1680 1664 1915 1720 consulis
1944 1668 2001 1720 et
2027 1665 2148 1734 8018,

607 1764 715 1818 quo
745 1746 968 1802 tandem
995 1751 1157 1817 pacto
1186 1744 1376 1802 deceat
1404 1744 1700 1801 maioribus
1727 1746 1846 1803 uti:

607 1827 772 1899 disce,
805 1827 1079 1883 docendus
1107 1826 1284 1883 adhuc
1311 1844 1453 1898 quae
1480 1830 1663 1883 censet
1690 1825 1970 1898 amiculus,
2002 1832 2069 1883 ut
2095 1828 2143 1882 si

608 1926 802 1965 caecus
827 1908 934 1965 iter
960 1912 1264 1964 monstrare
1291 1907 1429 1964 velit
1448 1927 1464 1978 3
1508 1912 1690 1964 tamen
1721 1906 1900 1979 aspice
1926 1909 1974 1963 si
2001 1907 2136 1979 quid

607 1993 666 2046 et
692 2007 808 2061 nos,
839 1989 985 2061 quod
1014 2006 1167 2045 cures
1194 1989 1473 2061 proprium
1506 1988 1708 2059 fecisse,
1741 1987 2043 2059 loquamur.

608 2070 657 2126 si
684 2076 742 2126 te
769 2076 927 2142 grata
953 2071 1108 2143 quies
1135 2074 1194 2126 et
1218 2071 1451 2142 primam
1480 2087 1701 2126 somnus
1728 2070 1788 2125 in
1815 2069 2004 2125 horam

609 2151 862 2222 delectat,
895 2152 943 2208 si
969 2156 1028 2208 te
1055 2150 1237 2223 pulvis
1264 2151 1638 2223 strepitusque
1664 2156 1923 2221 rotarum,

608 2233 656 2289 si
682 2232 855 2289 laedit
882 2250 1141 2304 caupona,
1176 2232 1533 2289 Ferentinum
1559 2233 1638 2288 ire
1665 2231 1877 2289 iubeb0.

605 2333 735 2371 nam
766 2332 938 2386 neque
966 2314 1235 2370 divitibus
1263 2315 1591 2386 contingunt
1617 2313 1820 2385 gaudia
1846 2313 1993 2384 solis,

608 2413 706 2452 nec
733 2396 876 2452 vixit
904 2395 1063 2466 male,
1097 2396 1192 2468 qui
1219 2400 1383 2451 natus
1410 2396 1751 2466 moriensque
1778 2394 1989 2453 fefellit.

606 2478 655 2533 si
680 2477 935 2549 prodesse
963 2477 1077 2533 tuis
1105 2477 1374 2550 pauloque
1402 2477 1691 2548 benignius
1718 2477 1898 2547 ipsum

607 2563 665 2615 te
692 2563 930 2615 tractare
955 2558 1123 2630 voles,
1156 2558 1376 2615 accedes
1405 2559 1577 2615 siccus
1606 2557 1675 2613 ad
1702 2562 1945 2616 unctum.

574 2643 589 2669 ‘
604 2641 652 2696 si
678 2639 970 2711 pranderet
998 2639 1157 2695 holus
1187 2640 1477 2711 patienter,
1512 2639 1727 2711 regibus
1753 2639 1840 2696 uti

609 2721 785 2778 nollet
811 2720 1163 2793 Aristippus!
1252 2724 1265 2750 ‘
1281 2720 1329 2776 si
1357 2722 1521 2777 sciret
1548 2720 1766 2792 regibus
1796 2721 1892 2791 uti,

607 2802 885 2859 fastidiret
914 2801 1087 2873 1101118,
1119 2802 1215 2873 qui
1242 2820 1329 2858 me
1357 2803 1550 2858 notat.’
1631 2802 1808 2858 utrius
1835 2801 2032 2858 horum

609 2884 782 2941 verba
808 2884 999 2956 probes
1028 2888 1086 2939 et
1113 2883 1275 2954 facta,
1309 2883 1458 2952 doce,
1489 2882 1574 2939 vel
1604 2883 1783 2938 iunior
1809 2882 1938 2938 audi

609 2983 706 3021 cur
733 2965 810 3021 sit
836 2964 1109 3036 Aristippi
1135 2964 1313 3035 potior
1341 2965 1630 3021 sententia.
1717 2981 1951 3035 namque

608 3046 917 3103 mordacem
947 3045 1212 3116 Cynicum
1241 3046 1319 3101 sic
1346 3044 1618 3114 eludebat,
1651 3049 1716 3101 ut
1744 3046 1933 3101 aiunt:

574 3129 589 3156 ‘
605 3145 822 3184 scurror
848 3145 947 3199 ego
973 3127 1090 3199 ipse
1117 3126 1268 3197 mihi,
1300 3125 1502 3197 populo
1530 3130 1594 3181 tu
1617 3146 1628 3182 :
1671 3126 1873 3181 rectius
1900 3125 2002 3182 hoc
2029 3130 2087 3181 et

608 3208 950 3280 splendidius
976 3208 1155 3264 multo
1183 3212 1281 3264 est.
1369 3224 1541 3278 equus
1567 3211 1633 3261 ut
1659 3224 1748 3263 me
1774 3210 1972 3278 portet,
2004 3205 2120 3262 alat
2146 3225 2260 3280 rex,

609 3291 846 3347 officium
873 3290 1044 3347 facio:
1090 3294 1152 3345 tu
1179 3288 1356 3361 poscis
1380 3287 1529 3359 vilia,
1560 3305 1752 3343 verum

609 3371 781 3428 dante
807 3371 996 3442 minor,
1030 3370 1283 3444 quamvis
1308 3369 1420 3425 fers
1446 3373 1504 3424 te
1531 3367 1736 3424 nullius
1763 3369 2050 3440 egentem!

610 3453 789 3509 omnis
817 3453 1165 3525 Aristippum
1194 3451 1376 3507 decuit
1406 3449 1551 3505 color
1577 3453 1633 3505 et
1661 3453 1843 3505 status
1871 3453 1927 3504 et
1955 3467 2055 3519 reS,

609 3537 975 3605 temptantem
1004 3535 1224 3604 maiora,
1256 3532 1368 3588 fere
1394 3530 1772 3602 praesentibus
1799 3548 2049 3601 aequum.

609 3620 818 3685 contra,
848 3633 1011 3686 quem
1039 3614 1243 3688 duplici
1270 3629 1452 3685 panno
1477 3612 1746 3683 patientia
1771 3611 1935 3681 velat,

610 3696 862 3767 mirabor,
895 3698 1045 3754 vitae
1074 3697 1165 3752 via
1192 3696 1240 3752 si
1269 3712 1527 3751 conversa
1555 3693 1782 3750 decebit.

611 3778 752 3835 alter
780 3796 1112 3852 purpureum
1138 3798 1249 3837 non
1277 3776 1617 3852 exspectabit
1645 3774 1921 3846 amictum,

2476 636 2533 680 70

2478 1041 2533 1087 75

2487 2420 2540 2450 10

2487 2824 2538 2869 15

2481 3638 2536 3681 25
