2792 4334
1217 287 1429 338 EPODI

674 421 772 477 sed
800 425 868 477 ut
893 421 1195 478 secundum
1223 428 1356 480 vota
1388 422 1719 479 Parthorum
1749 438 1851 476 sua

755 502 890 558 urbs
918 503 1051 559 haec
1077 505 1281 575 periret
1310 504 1573 561 dextera?

676 601 854 655 neque
882 583 970 639 hic
998 584 1144 656 lupis
1174 603 1291 641 mos
1319 603 1420 641 nec
1445 585 1556 641 fuit
1584 583 1848 654 leonibus,

756 683 1021 736 umquam
1047 666 1158 721 nisi
1185 666 1244 721 in
1270 666 1457 738 dispar
1484 666 1629 723 feris,

676 745 897 802 furorne
925 764 1116 802 caecus
1143 766 1214 802 an
1242 748 1390 818 rapit
1418 748 1502 803 vis
1531 747 1703 803 acrior

755 844 830 882 an
857 827 1055 899 culpa?
1094 846 1416 900 responsum
1445 828 1589 886 date.

678 912 881 980 tacent,
913 914 970 964 et
998 927 1092 965 ora
1118 909 1296 980 pallor
1323 909 1482 966 albus
1509 910 1686 965 inficit

757 994 1080 1062 mentesque
1107 991 1388 1063 perculsae
1415 995 1658 1063 stupent.

678 1072 756 1127 sic
784 1076 904 1128 est:
947 1071 1143 1127 acerba
1170 1072 1289 1127 fata
1316 1072 1597 1128 Romanos
1622 1076 1795 1143 agunt

758 1151 1042 1225 scelusque
1070 1153 1345 1209 fraternae
1374 1155 1537 1222 necis,

678 1239 744 1290 ut
770 1233 1094 1290 inmerentis
1122 1234 1287 1290 fluxit
1313 1235 1371 1289 in
1401 1239 1606 1291 terram
1635 1234 1798 1290 Remi

757 1332 912 1371 sacer
930 1315 1225 1387 nepotibus
1253 1332 1423 1373 cruor.

1281 1461 1372 1517 IX

680 1555 914 1625 Quando
941 1561 1222 1629 repostum
1253 1555 1570 1614 Caecubum
1598 1556 1669 1613 ad
1695 1557 1867 1613 festas
1895 1556 2063 1628 dapes

757 1637 965 1694 victore
992 1637 1173 1694 laetus
1203 1637 1436 1695 Caesare

677 1724 864 1776 tecum
890 1719 994 1774 sub
1022 1718 1299 1776 alta—sic
1330 1720 1453 1776 Iovi
1479 1719 1959 1792 gratum—domO,

757 1801 919 1857 beate
946 1800 1253 1871 Maecenas,
1288 1800 1490 1871 bibam,

677 1885 910 1939 sonante
937 1882 1178 1938 mixtum
1209 1882 1363 1938 tibiis
1392 1901 1611 1939 carmen
1638 1882 1772 1955 lyra,

756 1963 860 2020 hac
888 1963 1138 2035 Dorium,
1175 1964 1285 2020 illis
1313 1963 1649 2021 barbarum'l

675 2050 741 2102 ut
769 2063 958 2117 nuper,
991 2051 1149 2101 actus
1179 2063 1306 2101 cum
1334 2045 1475 2102 freto
1506 2045 1824 2118 Neptunius

756 2126 872 2183 dux
898 2126 1043 2199 fugit
1069 2127 1213 2183 ustis
1243 2127 1494 2198 navibus,

676 2209 920 2264 minatus
947 2208 1073 2264 urbi
1100 2208 1301 2279 vincla,
1335 2226 1475 2280 quae
1505 2207 1819 2265 detraxerat

755 2290 929 2347 servis
955 2289 1165 2345 amicus
1196 2290 1432 2362 perfidis,

677 2371 961 2427 Romanus
989 2370 1422 2442 eheu—posteri
1451 2371 1727 2443 negabitis
1752 2374 1854 2428 1-

756 2453 1134 2524 emancipatus
1165 2452 1403 2509 feminae

674 2533 785 2590 fert
812 2533 1022 2590 vallum
1050 2538 1108 2590 et
1139 2551 1310 2604 arma,
1343 2533 1502 2590 miles
1534 2539 1593 2589 et
1622 2534 1955 2606 spadonibus

756 2616 958 2672 servire
986 2616 1201 2688 rugosis
1230 2620 1432 2687 potest,

675 2696 930 2769 interque
955 2698 1115 2769 signa
1145 2701 1310 2768 turpe
1337 2696 1605 2753 militaria

756 2778 840 2834 sol
866 2779 1065 2851 aspicit
1093 2779 1402 2849 conopium.

595 2857 632 2925 †
675 2865 736 2916 at
763 2860 873 2916 huc
897 2859 1195 2916 frementes
1225 2864 1515 2916 verterunt
1544 2859 1631 2915 bis
1659 2859 1810 2931 mille
1840 2876 2008 2932 equos

758 2940 910 2998 Galli
939 2945 1200 2997 canentes
1233 2940 1541 3010 Gaesarem,

675 3022 1071 3095 hostiliumque
1101 3022 1333 3078 navium
1366 3026 1532 3095 portu
1560 3021 1738 3078 latent

754 3122 965 3176 puppes
994 3104 1378 3159 sinistrorsum
1407 3104 1562 3159 citae.

675 3186 729 3241 io
757 3185 1074 3257 Triumphe,
1109 3189 1176 3240 tu
1205 3185 1436 3240 moraris
1464 3202 1657 3240 aureos

755 3284 946 3323 currus
974 3271 1032 3322 et
1060 3266 1305 3322 intactas
1331 3265 1540 3322 boves2

678 3348 732 3404 io
760 3347 1078 3419 Triumphe,
1112 3364 1214 3403 nec
1243 3347 1582 3419 Iugurthino
1612 3365 1798 3418 parem

755 3428 903 3486 bello
930 3428 1229 3500 reportasti
1260 3427 1471 3497 ducem,

677 3528 855 3582 neque
882 3509 1226 3580 Africanum,
1260 3510 1350 3565 cui
1380 3527 1544 3581 super
1574 3509 1979 3582 Karthaginem

756 3592 936 3648 virtus
963 3590 1316 3662 sepulchrum
1346 3590 1612 3647 condidit.

677 3678 827 3729 terra
853 3673 1100 3743 marique
1128 3672 1312 3728 victus
1340 3671 1519 3728 hostis
1549 3673 1747 3744 punico

756 3753 991 3825 lugubre
1017 3753 1262 3810 mutavit
1290 3771 1500 3826 sagum.

2306 293 2368 342 89

2321 532 2375 562 10

2323 935 2375 980 15

2318 1341 2377 1372 20

2325 2314 2382 2344 10

2324 3128 2382 3158 20
