2792 4334
979 301 1362 355 CARMINUM
1400 304 1528 356 LIB.
1572 305 1627 354 II

1243 515 1357 573 XV

732 631 855 687 Iam
883 650 1060 705 pauca
1086 639 1272 691 aratro
1300 636 1491 708 iugera
1517 635 1711 713 rssglstss

728 713 901 770 moles
927 713 1259 787 relinquent,
1290 714 1734 853 undiqffus

807 799 1036 852 extenta
1062 797 1315 853 visentur
1342 797 1461 853 Luc
1491 799 1502 809 '
1546 816 1579 854 o

886 880 1085 947 stagna
1111 877 1252 947 lacu,
1323 877 1655 950 latanusque
1683 876 1895 933 caelebs

724 956 942 1013 evincet
969 957 1186 1030 ulmos3
1228 896 1891 1037 tuffi-

723 1042 1028 1111 mmuset
1054 1040 1235 1095 omnis
1254 1041 1669 1119 Quia-amm

803 1125 1068 1192 spargent
1094 1120 1316 1178 olivetis
1345 1120 1568 1178 odorem

886 1200 1166 1258 fertilibus
1195 1202 1422 1259 domino
1448 1203 1619 1275 priori
1639 1222 1656 1273 3

723 1285 849 1337 tum
877 1282 1056 1354 spissa
1080 1283 1251 1339 ramis
1278 1283 1472 1340 laurea
1496 1282 1738 1340 fervidos

723 1362 981 1419 excludet
1007 1364 1166 1421 ictus,
1202 1373 1230 1407 ’ἑ
1255 1382 1368 1420 non
1395 1365 1478 1421 ita
1499 1363 1726 1421 Romuli
1878 1380 1945 1449 NJ

800 1445 1203 1520 QQ
1233 1463 1262 1502 e
1287 1515 1290 1516 7
1318 1447 1408 1502 int
1511 1446 1524 1458 ·
1745 1444 1757 1455 ·
1888 1458 2049 1518 &322
2074 1461 2114 1492 ,ὰ

881 1526 1535 1601 Qveterumque
1561 1543 1768 1583 norma.

721 1605 976 1678 privatus
1002 1606 1116 1663 illis
1144 1625 1340 1695 Q
1369 1613 1491 1664 erat
1516 1608 1718 1677 breviS‚

721 1705 1010 1744 commune
1038 1706 1205 1761 magn
1325 1711 1338 1746 ε
1423 1689 1541 1745 ulla
1568 1686 1916 1760 decempedis

802 1708 1537 1907 metfffftfffffigcam

880 1868 952 1923 po
1010 1851 1126 1908 ‘cus
1153 1851 1467 1927 excipiebat
1492 1852 1721 1919 Arcton,

718 1948 820 1988 nec
845 1931 1142 1988 fortuitum
1172 1950 1430 2005 spernere
1459 1933 1757 2009 caespitem

718 1995 1169 2085 leges'fflffe'ffa'fit,
1204 2014 1407 2086 oppida
1433 2033 1507 2086 pu
1547 2014 1655 2069 lico

797 2099 1028 2166 sumptu
1054 2094 1309 2151 iubentes
1337 2101 1395 2152 et
1424 2094 1652 2151 deorum

879 2175 1090 2249 templa
1115 2195 1261 2233 novo
1288 2167 1543 2234 decorare
1571 2195 1717 2233 saxo,

1122 2238 1279 2260 b·

1202 2412 1348 2467 XVI

718 2526 913 2586 Otium
941 2528 1098 2586 divos
1125 2535 1287 2602 rogat
1313 2532 1378 2586 in
1403 2532 1620 2603 patenti

721 2627 955 2682 prensus
981 2610 1216 2683 Aegan,
1251 2612 1420 2668 simul
1448 2617 1570 2669 atra
1595 2613 1773 2670 nubes

715 2690 967 2748 condidit
992 2691 1183 2748 lunam
1211 2710 1390 2765 neque
1420 2699 1569 2750 certa
1595 2693 1816 2767 fulgent

796 2772 980 2829 sidera
1005 2775 1194 2829 nautis
1213 2795 1231 2847 3
1372 2819 1376 2824 ,

715 2853 895 2909 otium
922 2853 1069 2911 bello
1096 2854 1307 2911 furiosa
1334 2855 1560 2927 Thrace,

715 2934 895 2992 otium
922 2934 1078 2992 Medi
1105 2936 1367 3008 pharetra
1395 2937 1592 3008 decori,

716 3014 987 3088 Grosphe,
1013 3035 1123 3073 non
1151 3013 1389 3090 gemmis
1418 3037 1595 3091 neque
1623 3037 1868 3091 purpura
1894 3036 1981 3075 ve-

794 3097 921 3154 nale
947 3116 1125 3171 neque
1153 3116 1302 3155 auro,

712 3195 823 3234 non
849 3179 1002 3245 enim
1027 3197 1196 3251 gazae
1222 3198 1403 3252 neque
1431 3180 1730 3237 consularis

711 3265 1028 3317 summovet
1053 3261 1217 3318 lictor
1244 3262 1472 3318 miseros
1497 3262 1778 3328 tumultus

683 3342 686 3347 ‘
712 3341 919 3398 ment-is
945 3346 1005 3399 et
1032 3359 1191 3399 curas
1216 3341 1479 3417 Queata
1505 3343 1614 3413 cgc‘
1612 3362 1711 3400 um

791 3427 946 3480 tecta
969 3441 1043 3480 vo
1138 3428 1237 3480 tes.

712 3480 1750 3642 themum
1782 3531 1785 3533 ·

711 3601 778 3657 sp
797 3603 868 3643 en
907 3590 967 3643 et
992 3587 1053 3642 in
1078 3604 1271 3644 mensa
1296 3591 1458 3644 tenui
1483 3586 1738 3659 salinum,

712 3683 813 3724 nec
838 3666 990 3724 leves
1017 3686 1240 3724 somnos
1268 3669 1439 3725 timor
1466 3673 1565 3725 aut
1592 3688 1663 3726 cu
1700 3670 1720 3726 i
1761 3687 1793 3726 o

790 3748 1046 3806 sordidus
1071 3749 1268 3807 aufert.

793 3812 1002 3834 ...ἢκ-ῃ

2285 307 2349 356 35

2295 1388 2351 1418 10

2290 1791 2346 1838 15

2280 3285 2337 3315 10

2279 3689 2335 3735 15
