2792 4334
469 302 532 351 54

1193 303 1251 362 Q.
1291 302 1555 353 HORATI
1593 302 1831 353 FLAOOI

951 441 1065 496 iam
1091 440 1275 495 virum
1302 444 1575 512 expertae,
1606 440 1750 497 male
1778 440 2035 503 ominatis

1033 522 1241 594 parcite
1267 521 1468 578 verbis.

951 603 1044 659 hic
1070 603 1188 659 dies
1215 621 1341 659 vere
1371 602 1513 658 mihi
1540 604 1713 660 festus
1741 608 1891 661 atras

952 684 1158 741 eximet
1187 702 1342 740 curas
1366 705 1378 741 ε
1425 702 1525 756 ego
1553 702 1652 742 nec
1680 686 2001 757 tumultum,

952 784 1053 823 nec
1080 766 1220 822 mori
1247 784 1342 838 per
1371 766 1489 822 vim
1518 771 1762 823 metuam
1790 772 2013 825 tenente

1035 847 1267 904 Caesare
1295 852 1490 904 terras.

953 929 990 1000 i,
1021 933 1146 1001 pete
1174 934 1538 1000 unguentum,
1571 947 1719 1001 puer,
1753 935 1809 986 et
1837 948 2076 1000 coronaS,

952 1015 1012 1066 et
1038 1011 1236 1066 cadum
1267 1010 1443 1065 Marsi
1471 1029 1766 1067 memorem
1795 1010 1979 1082 duelli,

955 1091 1285 1164 Spartacum
1313 1092 1361 1147 si
1392 1110 1505 1163 qua
1531 1093 1714 1164 potuit
1741 1098 2038 1164 vagantem

1034 1172 1224 1229 fallere
1253 1177 1415 1230 testa.

952 1254 1043 1310 dic
1070 1259 1125 1310 et
1154 1260 1383 1326 argutae
1414 1258 1668 1326 properet
1696 1254 1944 1310 Neaerae

954 1353 1228 1391 murreum
1262 1335 1404 1391 nodo
1436 1335 1685 1391 cohibere
1714 1337 1917 1391 crinem
1935 1357 1954 1409 ,-

954 1417 1005 1472 si
1031 1434 1127 1487 per
1154 1417 1397 1472 invisum
1428 1435 1582 1472 mora
1611 1417 1903 1473 ianitorem

1035 1497 1147 1567 fiet,
1182 1497 1345 1554 abit0.

952 1578 1090 1634 lenit
1119 1577 1401 1634 albescens
1432 1579 1642 1634 animos
1672 1578 1904 1650 capillus

955 1659 1139 1715 litium
1169 1664 1226 1715 et
1255 1660 1403 1715 rixae
1434 1659 1660 1731 cupidos
1688 1666 1973 1731 protervae
1993 1681 2009 1731 ς

955 1759 1065 1797 non
1092 1758 1192 1812 ego
1220 1741 1323 1796 hoc
1349 1740 1549 1796 ferrem
1579 1741 1786 1797 calidus
1813 1742 2041 1798 iuventa

1036 1822 1257 1878 consule
1286 1821 1508 1880 Planco,

1460 2019 1573 2075 XV

956 2139 1113 2195 Uxor
1141 2141 1393 2211 pauperis
1424 2139 1596 2211 Ibyci,

1035 2220 1260 2276 tandem
1287 2221 1566 2291 nequitiae
1593 2220 1699 2292 fige
1724 2220 1951 2276 modum
1977 2226 2106 2278 tuae

954 2302 1285 2373 famosisque
1314 2301 1594 2357 laboribus
1613 2322 1630 2372 3

1036 2388 1254 2439 maturo
1280 2384 1504 2455 propior
1531 2383 1715 2439 desine
1743 2383 1924 2439 funeri

953 2464 1100 2520 inter
1126 2463 1314 2520 ludere
1343 2465 1585 2536 virgines

1035 2550 1091 2602 et
1117 2545 1294 2602 stellis
1325 2544 1584 2601 nebulam
1613 2563 1862 2617 spargere
1892 2545 2150 2603 candidis.

951 2645 1078 2697 non,
1110 2627 1160 2682 si
1187 2626 1320 2698 quid
1351 2626 1596 2682 Pholoen
1624 2628 1775 2698 satiS,

1035 2712 1091 2764 et
1118 2712 1192 2778 te,
1229 2707 1432 2778 Chlori,
1467 2707 1657 2765 decet:
1700 2708 1817 2764 filia
1843 2709 2047 2764 rectius

953 2793 1234 2860 expugnat
1261 2790 1524 2845 iuvenum
1552 2789 1755 2861 domOS,

1032 2869 1190 2941 pulso
1219 2869 1424 2941 Thyias
1452 2870 1538 2925 uti
1564 2872 1776 2927 concita
1804 2875 2081 2942 tympano.

952 2950 1108 3007 illam
1136 2952 1282 3022 cogit
1310 2969 1466 3006 amor
1494 2951 1673 3007 Nothi

1035 3032 1272 3088 lascivae
1300 3032 1538 3088 similem
1564 3032 1751 3089 ludere
1781 3051 2036 3105 capreae:

954 3117 1015 3169 te
1039 3112 1197 3169 lanae
1224 3131 1389 3185 prope
1420 3113 1659 3169 nobilem

1031 3199 1228 3251 tonsae
1255 3194 1556 3265 Luceriam,
1582 3211 1698 3250 ⁴non
1727 3196 1970 3251 citharae
1998 3194 2194 3251 decent

845 3281 851 3287 '
952 3294 1054 3332 nec
1079 3276 1181 3332 flos
1208 3294 1514 3347 purpureus
1540 3293 1693 3332 rosae

1034 3375 1131 3414 nec
1158 3358 1277 3429 poti
1302 3357 1552 3413 vetulam
1578 3356 1727 3413 faece
1755 3361 1918 3414 tenus
1946 3356 2082 3414 cadi.

1441 3557 1584 3614 XVI

955 3678 1236 3734 Inclusam
1263 3678 1495 3734 Danaen
1523 3678 1691 3734 turris
1719 3696 1886 3734 aenea

954 3760 1316 3832 robustaeque
1343 3760 1488 3815 fores
1516 3764 1572 3815 et
1599 3759 1830 3831 vigilum
1858 3778 2053 3817 canum
2078 3756 2081 3760 ’

2502 1195 2562 1225 20

2505 2897 2559 2927 10
