2792 4334
436 304 531 354 160

1162 306 1219 368 Q.
1258 305 1519 358 HORATI
1556 307 1796 360 FLAGCI

1428 476 1516 533 XI

673 582 823 653 Quid
848 583 955 641 tibi
982 584 1103 641 visa
1130 582 1314 655 Chios,
1349 584 1576 656 Bullati,
1609 590 1850 659 notaque
1877 587 2119 645 Lesbos?

671 665 808 736 quid
833 666 1097 723 concinna
1124 664 1358 722 Samos‘l
1438 668 1573 739 quid
1604 667 1791 725 Croesi
1818 670 1969 741 regia
1997 668 2222 727 Sardis?

671 746 914 817 Zmyrna
940 746 1075 819 quid
1096 751 1152 803 et
1183 746 1506 819 Colophon?
1587 750 1794 807 maiora
1820 752 2101 807 minorave
2126 751 2294 822 fama,

672 833 941 885 cunctane
965 845 1096 901 prae
1124 846 1317 901 campo
1346 834 1404 885 et
1432 830 1688 887 Tiberino
1716 832 1943 888 flumine
1971 831 2233 889 sordent‘l

671 927 743 966 an
770 910 925 966 venit
949 910 1009 965 in
1036 913 1229 966 votum
1258 909 1522 967 Attalicis
1552 930 1621 968 ex
1648 913 1876 969 urbibus
1903 916 2053 971 una‘l

671 1008 743 1047 an
772 990 1052 1048 Lebedum
1080 991 1274 1049 laudas
1303 991 1429 1048 odio
1456 994 1625 1049 maris
1653 999 1819 1065 atque
1846 996 2099 1053 viarum?

636 1074 651 1102 ‘
670 1071 1058 1129 501311011011118
1085 1073 1220 1145 quid
1247 1074 1336 1131 sit.
1402 1073 1599 1131 Gabiis
1627 1074 1890 1132 desertior
1917 1081 2085 1150 atque

671 1152 896 1209 Fidenis
921 1154 1075 1210 vicus
1095 1176 1111 1228 3
1153 1159 1343 1212 tamen
1371 1155 1485 1211 illic
1514 1156 1697 1213 vivere
1725 1157 1940 1228 vellem,

670 1234 983 1307 oblitusque
1010 1253 1270 1309 meorum,
1307 1237 1706 1294 obliviscendus
1736 1243 1794 1295 et
1820 1238 1948 1311 illis,

669 1315 998 1388 Neptunum
1024 1317 1211 1389 procul
1240 1336 1270 1374 e
1300 1322 1447 1374 terra
1474 1324 1718 1391 spectare
1746 1319 2056 1377 furentem.'

669 1396 768 1453 sed
794 1415 968 1469 neque
997 1398 1091 1469 qui
1121 1398 1312 1469 Capua
1342 1398 1576 1456 Romam
1604 1401 1764 1473 petit,
1797 1401 1972 1458 imbre
2001 1401 2229 1474 lutoque

668 1477 956 1551 adspersus
984 1478 1133 1535 volet
1161 1481 1220 1535 in
1249 1498 1497 1552 caupona
1523 1482 1707 1538 vivere
1726 1503 1743 1554 3
1786 1501 1885 1539 nec
1914 1483 2010 1555 qui

667 1558 842 1631 frigus
869 1559 1102 1632 collegit,
1136 1561 1326 1617 furnos
1356 1567 1412 1618 et
1438 1562 1638 1619 balnea
1663 1562 1856 1620 laudat

667 1645 734 1696 ut
762 1641 1099 1697 fortunatam
1128 1642 1287 1714 plene
1315 1644 1657 1715 praestantia
1681 1645 1858 1701 vitam
1877 1667 1894 1719 3

666 1739 781 1794 nec,
814 1723 861 1778 si
889 1727 945 1779 te
973 1723 1189 1779 validus
1217 1725 1508 1780 iactaverit
1535 1725 1742 1782 Auster
1767 1727 1827 1782 in
1855 1726 1985 1797 alt0,

666 1803 867 1860 idcirco
894 1823 1090 1861 navem
1119 1808 1273 1861 trans
1302 1805 1583 1878 Aegaeum
1611 1824 1759 1864 mare
1785 1808 2009 1865 vendas.

667 1884 931 1941 incolumi
958 1886 1181 1942 Rhodos
1211 1890 1268 1942 et
1298 1887 1568 1957 Mytilene
1597 1887 1825 1960 pulchra
1851 1888 1987 1945 facit
2015 1888 2160 1961 quod

665 1966 903 2038 paenula
928 1966 1182 2039 solstiti0,
1217 1973 1520 2039 campestre
1549 1968 1824 2025 nivalibus
1853 1970 2015 2040 auris,

664 2064 764 2119 per
789 2047 1041 2104 brumam
1071 2048 1298 2121 Tiberis,
1335 2048 1533 2106 Sextili
1560 2068 1744 2107 mense
1773 2051 2034 2107 caminus.

665 2127 800 2184 dum
826 2127 955 2185 licet
984 2147 1046 2185 ac
1072 2129 1293 2186 vultum
1323 2135 1508 2187 servat
1536 2130 1782 2188 Fortuna
1807 2132 2122 2203 benignum,

665 2208 873 2266 Romae
893 2209 1149 2267 laudetur
1178 2211 1371 2268 Samos
1400 2216 1456 2268 et
1480 2211 1648 2269 Chios
1675 2217 1732 2269 et
1761 2212 1985 2269 Rhodos
2013 2213 2225 2272 absens.

664 2294 731 2347 tu
759 2308 1155 2363 quamcumque
1186 2292 1320 2349 deus
1351 2293 1456 2349 tibi
1483 2293 1851 2350 fortunaverit
1877 2294 2069 2351 horam

662 2377 824 2444 grata
849 2391 1003 2430 sume
1030 2391 1212 2446 manu,
1247 2392 1354 2431 neu
1383 2374 1565 2431 dulcia
1593 2375 1750 2431 differ
1775 2376 1835 2431 in
1862 2393 2070 2432 annum
2088 2398 2105 2450 3

661 2458 745 2525 ut,
779 2472 1116 2526 quocumque
1145 2455 1264 2511 loco
1292 2455 1476 2526 fueris,
1511 2457 1713 2513 vixisse
1741 2456 1979 2513 libenter

663 2538 724 2591 te
752 2534 916 2591 dicas.
971 2554 1098 2592 nam
1127 2537 1176 2592 si
1204 2537 1347 2593 ratio
1377 2541 1433 2593 et
1459 2537 1756 2609 prudentia
1785 2556 1956 2609 curas,

662 2633 773 2671 non
800 2615 950 2673 locus
978 2617 1137 2672 effusi
1164 2617 1276 2674 late
1304 2619 1471 2674 maris
1501 2619 1707 2675 arbiter
1735 2619 1931 2691 aufert,

663 2696 890 2768 caelum,
922 2715 1031 2753 non
1059 2698 1321 2769 animum,
1354 2704 1582 2756 mutant
1610 2700 1705 2772 qui
1734 2705 1888 2757 trans
1916 2718 2066 2757 mare
2094 2706 2339 2760 currunt.

661 2782 888 2834 strenua
915 2796 1014 2834 nos
1042 2783 1257 2836 exercet
1283 2780 1484 2837 inertia
1507 2802 1519 2838 ε
1565 2781 1799 2838 navibus
1827 2786 1996 2854 atque

660 2858 942 2931 quadrigis
969 2860 1211 2931 petimus
1237 2860 1375 2917 bene
1405 2862 1605 2920 vivere.
1691 2862 1839 2934 quod
1867 2863 2026 2934 petis,
2060 2862 2149 2919 hic
2176 2868 2279 2935 est,

660 2943 747 2996 est
777 2939 1021 3011 Ulubris,
1054 2941 1269 2998 animus
1297 2942 1345 2997 si
1372 2946 1431 2998 te
1458 2960 1568 2998 non
1597 2943 1783 3000 deficit
1811 2961 2029 3017 aequus.

1395 3169 1518 3225 XII

662 3275 958 3332 Fructibus
986 3277 1264 3349 Agrippae
1295 3276 1507 3348 Siculis,
1543 3294 1677 3350 quos
1706 3278 1930 3351 colligis,
1964 3279 2090 3349 Ioci,

658 3356 710 3412 si
735 3362 881 3414 recte
909 3357 1117 3430 frueris,
1152 3377 1263 3414 non
1290 3362 1376 3415 est
1404 3363 1470 3415 ut
1498 3360 1653 3430 copia
1677 3361 1852 3416 maior

660 3436 732 3493 ab
761 3437 893 3495 Iove
922 3439 1112 3496 donari
1140 3440 1315 3512 possit
1343 3439 1463 3497 tibi.
1550 3439 1684 3496 tolle
1712 3441 1981 3513 querellas
2000 3463 2017 3514 3

658 3535 866 3590 pauper
894 3521 1040 3576 enim
1068 3539 1177 3577 non
1207 3524 1291 3578 est
1318 3522 1407 3578 cui
1433 3539 1617 3577 rerum
1644 3523 1891 3593 suppetit
1917 3541 2067 3581 usus.

658 3599 707 3654 si
733 3601 918 3656 ventri
933 3601 1095 3678 bene,
1128 3603 1177 3658 si
1203 3597 1366 3659 lateri
1392 3605 1476 3658 est
1503 3601 1842 3674 pedibusque
1870 3605 1998 3675 tuis,
2031 3604 2111 3660 nil

657 3679 885 3737 divitiae
913 3687 1174 3753 poterunt
1201 3683 1408 3755 regales
1435 3682 1636 3739 addere
1663 3684 1856 3742 maius,

657 3761 707 3817 si
733 3761 874 3819 forte
903 3763 960 3819 111
988 3765 1169 3822 medio
1196 3765 1500 3838 positorum
1527 3765 1830 3823 abstemius
1855 3767 2041 3825 herbis

2461 1345 2515 1376 10

2454 2158 2511 2189 20

2450 2562 2506 2607 25

2450 2972 2507 3015 30
