<?xml version="1.0" encoding="UTF-8"?>
<!DOCTYPE html PUBLIC "-//W3C//DTD XHTML 1.0 Transitional//EN"
    "http://www.w3.org/TR/xhtml1/DTD/xhtml1-transitional.dtd">
<html xmlns="http://www.w3.org/1999/xhtml" xml:lang="en" lang="en">
 <head>
  <title>
</title>
<meta http-equiv="Content-Type" content="text/html;charset=utf-8" />
  <meta name='ocr-system' content='tesseract 3.04.00' />
  <meta name='ocr-capabilities' content='ocr_page ocr_carea ocr_par ocr_line ocrx_word'/>
</head>
<body>
  <div class='ocr_page' id='page_1' title='image "./opera00pagegoog_0111.png"; bbox 0 0 2792 4334; ppageno 0'>
   <div class='ocr_carea' id='block_1_1' title="bbox 1232 286 2382 337">
    <p class='ocr_par' dir='ltr' id='par_1_1' title="bbox 1232 286 2382 337">
     <span class='ocr_line' id='line_1_1' title="bbox 1232 286 2382 337; baseline -0.002 0"><span class='ocrx_word' id='word_1_1' title='bbox 1232 286 1440 337; x_wconf 91' lang='lat' dir='ltr'><strong>EPODI</strong></span> <span class='ocrx_word' id='word_1_2' title='bbox 2319 286 2382 335; x_wconf 88' lang='grc'>83</span> 
     </span>
    </p>
   </div>
   <div class='ocr_carea' id='block_1_2' title="bbox 1307 409 2647 532">
    <p class='ocr_par' dir='ltr' id='par_1_2' title="bbox 1307 409 2647 532">
     <span class='ocr_line' id='line_1_2' title="bbox 1307 409 2647 532; baseline -0.017 0"><span class='ocrx_word' id='word_1_3' title='bbox 1307 475 1370 532; x_wconf 88' lang='lat'>11</span> <span class='ocrx_word' id='word_1_4' title='bbox 1710 432 2121 524; x_wconf 36' lang='lat' dir='ltr'>uscue,</span> <span class='ocrx_word' id='word_1_5' title='bbox 2177 431 2218 500; x_wconf 61' lang='grc' dir='ltr'><strong><em>ε</em></strong></span> <span class='ocrx_word' id='word_1_6' title='bbox 2171 409 2452 484; x_wconf 46' lang='grc' dir='ltr'>ὉΜ</span> <span class='ocrx_word' id='word_1_7' title='bbox 2446 384 2647 467; x_wconf 42' lang='grc' dir='ltr'>οἵ»</span> 
     </span>
    </p>
   </div>
   <div class='ocr_carea' id='block_1_3' title="bbox 1558 387 2707 620">
    <p class='ocr_par' dir='ltr' id='par_1_3' title="bbox 1558 387 2707 620">
     <span class='ocr_line' id='line_1_3' title="bbox 1563 387 2641 597; baseline -0.005 0"><span class='ocrx_word' id='word_1_8' title='bbox 1563 502 1680 557; x_wconf 25' lang='lat' dir='ltr'>vj</span> <span class='ocrx_word' id='word_1_9' title='bbox 1686 540 1773 550; x_wconf 43' lang='grc' dir='ltr'><em>Ν</em></span> <span class='ocrx_word' id='word_1_10' title='bbox 2256 387 2641 597; x_wconf 50' lang='lat' dir='ltr'><em>Q</em></span> 
     </span>
     <span class='ocr_line' id='line_1_4' title="bbox 1558 536 2707 620; baseline -0.003 -30"><span class='ocrx_word' id='word_1_11' title='bbox 1558 561 1697 591; x_wconf 46' lang='grc' dir='ltr'>νὴ*</span> <span class='ocrx_word' id='word_1_12' title='bbox 1888 603 1920 620; x_wconf 47' lang='lat' dir='ltr'>x,</span> <span class='ocrx_word' id='word_1_13' title='bbox 2191 536 2279 614; x_wconf 49' lang='lat' dir='ltr'>(iss</span> <span class='ocrx_word' id='word_1_14' title='bbox 2695 554 2707 575; x_wconf 58' lang='grc' dir='ltr'><strong>θ</strong></span> 
     </span>
    </p>
   </div>
   <div class='ocr_carea' id='block_1_4' title="bbox 724 520 2389 1868">
    <p class='ocr_par' dir='ltr' id='par_1_4' title="bbox 724 520 2389 1855">
     <span class='ocr_line' id='line_1_5' title="bbox 724 520 1718 679; baseline -0.004 -41"><span class='ocrx_word' id='word_1_15' title='bbox 724 585 739 611; x_wconf 91' lang='lat'>‘</span> <span class='ocrx_word' id='word_1_16' title='bbox 768 557 1018 638; x_wconf 68' lang='lat' dir='ltr'>Beatus</span> <span class='ocrx_word' id='word_1_17' title='bbox 1001 572 1098 638; x_wconf 92' lang='lat' dir='ltr'>ille</span> <span class='ocrx_word' id='word_1_18' title='bbox 1076 564 1228 669; x_wconf 70' lang='lat' dir='ltr'>qui</span> <span class='ocrx_word' id='word_1_19' title='bbox 1249 568 1441 655; x_wconf 90' lang='lat' dir='ltr'>procul</span> <span class='ocrx_word' id='word_1_20' title='bbox 1469 520 1718 679; x_wconf 75' lang='lat' dir='ltr'>negotiis,</span> 
     </span>
     <span class='ocr_line' id='line_1_6' title="bbox 851 642 1649 735; baseline 0 -17"><span class='ocrx_word' id='word_1_21' title='bbox 851 647 918 719; x_wconf 89' lang='lat' dir='ltr'>ut</span> <span class='ocrx_word' id='word_1_22' title='bbox 945 642 1125 735; x_wconf 87' lang='lat' dir='ltr'>prisca</span> <span class='ocrx_word' id='word_1_23' title='bbox 1151 681 1284 735; x_wconf 89' lang='lat' dir='ltr'>gens</span> <span class='ocrx_word' id='word_1_24' title='bbox 1313 651 1649 731; x_wconf 68' lang='lat' dir='ltr'>mortahum,</span> 
     </span>
     <span class='ocr_line' id='line_1_7' title="bbox 771 742 1751 815; baseline -0.004 -15"><span class='ocrx_word' id='word_1_25' title='bbox 771 749 1004 815; x_wconf 86' lang='lat' dir='ltr'>paterna</span> <span class='ocrx_word' id='word_1_26' title='bbox 1029 762 1160 800; x_wconf 90' lang='lat' dir='ltr'>rura</span> <span class='ocrx_word' id='word_1_27' title='bbox 1186 744 1363 801; x_wconf 86' lang='lat' dir='ltr'>bobus</span> <span class='ocrx_word' id='word_1_28' title='bbox 1392 749 1609 800; x_wconf 79' lang='lat' dir='ltr'>exercet</span> <span class='ocrx_word' id='word_1_29' title='bbox 1636 742 1751 798; x_wconf 88' lang='lat' dir='ltr'>suis</span> 
     </span>
     <span class='ocr_line' id='line_1_8' title="bbox 853 824 1510 896; baseline 0.002 -16"><span class='ocrx_word' id='word_1_30' title='bbox 853 824 1069 881; x_wconf 90' lang='lat' dir='ltr'>solutus</span> <span class='ocrx_word' id='word_1_31' title='bbox 1097 827 1246 881; x_wconf 90' lang='lat' dir='ltr'>omni</span> <span class='ocrx_word' id='word_1_32' title='bbox 1272 826 1510 896; x_wconf 82' lang='lat' dir='ltr'>faenore,</span> 
     </span>
     <span class='ocr_line' id='line_1_9' title="bbox 773 904 2388 977; baseline -0.004 -16"><span class='ocrx_word' id='word_1_33' title='bbox 773 924 951 977; x_wconf 89' lang='lat' dir='ltr'>neque</span> <span class='ocrx_word' id='word_1_34' title='bbox 979 907 1256 963; x_wconf 84' lang='lat' dir='ltr'>excitatur</span> <span class='ocrx_word' id='word_1_35' title='bbox 1283 906 1509 962; x_wconf 85' lang='lat' dir='ltr'>classico</span> <span class='ocrx_word' id='word_1_36' title='bbox 1535 905 1694 961; x_wconf 88' lang='lat' dir='ltr'>miles</span> <span class='ocrx_word' id='word_1_37' title='bbox 1722 904 1867 958; x_wconf 88' lang='lat' dir='ltr'>truci</span> <span class='ocrx_word' id='word_1_38' title='bbox 2359 926 2388 971; x_wconf 89' lang='lat'>5</span> 
     </span>
     <span class='ocr_line' id='line_1_10' title="bbox 854 987 1599 1056; baseline 0 -14"><span class='ocrx_word' id='word_1_39' title='bbox 854 1005 955 1043; x_wconf 89' lang='lat' dir='ltr'>nec</span> <span class='ocrx_word' id='word_1_40' title='bbox 981 987 1170 1044; x_wconf 85' lang='lat' dir='ltr'>horret</span> <span class='ocrx_word' id='word_1_41' title='bbox 1196 989 1404 1044; x_wconf 91' lang='lat' dir='ltr'>iratum</span> <span class='ocrx_word' id='word_1_42' title='bbox 1433 1004 1599 1056; x_wconf 88' lang='lat' dir='ltr'>mare,</span> 
     </span>
     <span class='ocr_line' id='line_1_11' title="bbox 774 1066 1823 1140; baseline -0.003 -17"><span class='ocrx_word' id='word_1_43' title='bbox 774 1067 1065 1140; x_wconf 86' lang='lat' dir='ltr'>forumque</span> <span class='ocrx_word' id='word_1_44' title='bbox 1091 1069 1239 1124; x_wconf 86' lang='lat' dir='ltr'>vitat</span> <span class='ocrx_word' id='word_1_45' title='bbox 1267 1073 1325 1124; x_wconf 88' lang='lat' dir='ltr'>et</span> <span class='ocrx_word' id='word_1_46' title='bbox 1352 1068 1591 1140; x_wconf 90' lang='lat' dir='ltr'>superba</span> <span class='ocrx_word' id='word_1_47' title='bbox 1617 1066 1823 1122; x_wconf 90' lang='lat' dir='ltr'>civium</span> 
     </span>
     <span class='ocr_line' id='line_1_12' title="bbox 854 1149 1467 1220; baseline 0.002 -15"><span class='ocrx_word' id='word_1_48' title='bbox 854 1150 1230 1220; x_wconf 89' lang='lat' dir='ltr'>potentiorum</span> <span class='ocrx_word' id='word_1_49' title='bbox 1259 1149 1467 1206; x_wconf 87' lang='lat' dir='ltr'>limina.</span> 
     </span>
     <span class='ocr_line' id='line_1_13' title="bbox 775 1228 1806 1302; baseline -0.004 -16"><span class='ocrx_word' id='word_1_50' title='bbox 775 1247 904 1302; x_wconf 89' lang='lat' dir='ltr'>ergo</span> <span class='ocrx_word' id='word_1_51' title='bbox 930 1236 1030 1286; x_wconf 90' lang='lat' dir='ltr'>aut</span> <span class='ocrx_word' id='word_1_52' title='bbox 1057 1230 1252 1286; x_wconf 86' lang='lat' dir='ltr'>adulta</span> <span class='ocrx_word' id='word_1_53' title='bbox 1277 1230 1481 1285; x_wconf 88' lang='lat' dir='ltr'>vitium</span> <span class='ocrx_word' id='word_1_54' title='bbox 1511 1228 1806 1300; x_wconf 85' lang='lat' dir='ltr'>propagine</span> 
     </span>
     <span class='ocr_line' id='line_1_14' title="bbox 856 1310 2389 1383; baseline -0.005 -15"><span class='ocrx_word' id='word_1_55' title='bbox 856 1311 1001 1368; x_wconf 83' lang='lat' dir='ltr'>altas</span> <span class='ocrx_word' id='word_1_56' title='bbox 1029 1312 1258 1367; x_wconf 88' lang='lat' dir='ltr'>maritat</span> <span class='ocrx_word' id='word_1_57' title='bbox 1286 1310 1534 1383; x_wconf 88' lang='lat' dir='ltr'>populos,</span> <span class='ocrx_word' id='word_1_58' title='bbox 2331 1331 2389 1361; x_wconf 92' lang='lat'>10</span> 
     </span>
     <span class='ocr_line' id='line_1_15' title="bbox 777 1391 1791 1463; baseline -0.004 -15"><span class='ocrx_word' id='word_1_59' title='bbox 777 1397 877 1448; x_wconf 88' lang='lat' dir='ltr'>aut</span> <span class='ocrx_word' id='word_1_60' title='bbox 904 1393 963 1448; x_wconf 92' lang='lat' dir='ltr'>in</span> <span class='ocrx_word' id='word_1_61' title='bbox 990 1392 1221 1449; x_wconf 89' lang='lat' dir='ltr'>reducta</span> <span class='ocrx_word' id='word_1_62' title='bbox 1246 1391 1393 1448; x_wconf 88' lang='lat' dir='ltr'>valle</span> <span class='ocrx_word' id='word_1_63' title='bbox 1422 1391 1791 1463; x_wconf 77' lang='lat' dir='ltr'>mugientium</span> 
     </span>
     <span class='ocr_line' id='line_1_16' title="bbox 856 1477 1681 1545; baseline -0.004 -16"><span class='ocrx_word' id='word_1_64' title='bbox 856 1477 1172 1545; x_wconf 87' lang='lat' dir='ltr'>prospectat</span> <span class='ocrx_word' id='word_1_65' title='bbox 1200 1478 1448 1530; x_wconf 79' lang='lat' dir='ltr'>errantes</span> <span class='ocrx_word' id='word_1_66' title='bbox 1475 1489 1681 1543; x_wconf 76' lang='lat' dir='ltr'>gregeS,</span> 
     </span>
     <span class='ocr_line' id='line_1_17' title="bbox 776 1554 1809 1626; baseline -0.003 -17"><span class='ocrx_word' id='word_1_67' title='bbox 776 1554 1109 1626; x_wconf 82' lang='lat' dir='ltr'>inutilesque</span> <span class='ocrx_word' id='word_1_68' title='bbox 1137 1554 1276 1610; x_wconf 85' lang='lat' dir='ltr'>falce</span> <span class='ocrx_word' id='word_1_69' title='bbox 1304 1572 1486 1610; x_wconf 89' lang='lat' dir='ltr'>ramos</span> <span class='ocrx_word' id='word_1_70' title='bbox 1515 1557 1809 1624; x_wconf 79' lang='lat' dir='ltr'>amputans</span> 
     </span>
     <span class='ocr_line' id='line_1_18' title="bbox 857 1635 1363 1705; baseline -0.004 -13"><span class='ocrx_word' id='word_1_71' title='bbox 857 1635 1126 1692; x_wconf 85' lang='lat' dir='ltr'>feliciores</span> <span class='ocrx_word' id='word_1_72' title='bbox 1152 1636 1363 1705; x_wconf 87' lang='lat' dir='ltr'>inserit,</span> 
     </span>
     <span class='ocr_line' id='line_1_19' title="bbox 777 1712 2387 1789; baseline -0.005 -16"><span class='ocrx_word' id='word_1_73' title='bbox 777 1723 878 1773; x_wconf 90' lang='lat' dir='ltr'>aut</span> <span class='ocrx_word' id='word_1_74' title='bbox 904 1735 1091 1789; x_wconf 86' lang='lat' dir='ltr'>pressa</span> <span class='ocrx_word' id='word_1_75' title='bbox 1117 1718 1270 1788; x_wconf 90' lang='lat' dir='ltr'>puris</span> <span class='ocrx_word' id='word_1_76' title='bbox 1296 1716 1466 1773; x_wconf 92' lang='lat' dir='ltr'>mella</span> <span class='ocrx_word' id='word_1_77' title='bbox 1493 1715 1679 1771; x_wconf 86' lang='lat' dir='ltr'>condit</span> <span class='ocrx_word' id='word_1_78' title='bbox 1709 1712 2003 1784; x_wconf 88' lang='lat' dir='ltr'>amphoris,</span> <span class='ocrx_word' id='word_1_79' title='bbox 2332 1732 2387 1780; x_wconf 87' lang='lat'>15</span> 
     </span>
     <span class='ocr_line' id='line_1_20' title="bbox 858 1798 1649 1868; baseline -0.003 -14"><span class='ocrx_word' id='word_1_80' title='bbox 858 1804 959 1854; x_wconf 88' lang='lat' dir='ltr'>aut</span> <span class='ocrx_word' id='word_1_81' title='bbox 986 1798 1181 1855; x_wconf 89' lang='lat' dir='ltr'>tondet</span> <span class='ocrx_word' id='word_1_82' title='bbox 1207 1798 1455 1854; x_wconf 87' lang='lat' dir='ltr'>infirmas</span> <span class='ocrx_word' id='word_1_83' title='bbox 1485 1815 1649 1868; x_wconf 79' lang='lat' dir='ltr'>oves3</span> 
     </span>
    </p>
   </div>
   <div class='ocr_carea' id='block_1_5' title="bbox 777 1841 2047 2038">
    <p class='ocr_par' dir='ltr' id='par_1_5' title="bbox 777 1841 2047 2038">
     <span class='ocr_line' id='line_1_21' title="bbox 777 1841 2047 1971; baseline -0.011 -11"><span class='ocrx_word' id='word_1_84' title='bbox 777 1841 2047 1971; x_wconf 41' lang='grc' dir='ltr'>νὲψᾳὲψψεῄψὼψιιὲωὶνωψ</span> 
     </span>
     <span class='ocr_line' id='line_1_22' title="bbox 859 1959 1607 2038; baseline -0.004 -22"><span class='ocrx_word' id='word_1_85' title='bbox 859 1960 1182 2038; x_wconf 55' lang='lat' dir='ltr'>Autumnus</span> <span class='ocrx_word' id='word_1_86' title='bbox 1210 1961 1355 2038; x_wconf 84' lang='lat' dir='ltr'>agris</span> <span class='ocrx_word' id='word_1_87' title='bbox 1384 1959 1607 2029; x_wconf 84' lang='lat' dir='ltr'>extulit,</span> 
     </span>
    </p>
   </div>
   <div class='ocr_carea' id='block_1_6' title="bbox 777 2040 2389 3816">
    <p class='ocr_par' dir='ltr' id='par_1_6' title="bbox 777 2040 2389 3816">
     <span class='ocr_line' id='line_1_23' title="bbox 777 2040 1800 2113; baseline -0.005 -15"><span class='ocrx_word' id='word_1_88' title='bbox 777 2048 846 2097; x_wconf 85' lang='lat' dir='ltr'>ut</span> <span class='ocrx_word' id='word_1_89' title='bbox 872 2042 1077 2113; x_wconf 88' lang='lat' dir='ltr'>gaudet</span> <span class='ocrx_word' id='word_1_90' title='bbox 1102 2041 1331 2097; x_wconf 86' lang='lat' dir='ltr'>insitiva</span> <span class='ocrx_word' id='word_1_91' title='bbox 1359 2041 1652 2112; x_wconf 89' lang='lat' dir='ltr'>decerpens</span> <span class='ocrx_word' id='word_1_92' title='bbox 1679 2040 1800 2110; x_wconf 88' lang='lat' dir='ltr'>pira</span> 
     </span>
     <span class='ocr_line' id='line_1_24' title="bbox 860 2128 2389 2193; baseline -0.006 -14"><span class='ocrx_word' id='word_1_93' title='bbox 860 2128 1251 2179; x_wconf 75' lang='lat' dir='ltr'>certantem-et</span> <span class='ocrx_word' id='word_1_94' title='bbox 1277 2140 1447 2178; x_wconf 87' lang='lat' dir='ltr'>uvam</span> <span class='ocrx_word' id='word_1_95' title='bbox 1476 2137 1765 2193; x_wconf 86' lang='lat' dir='ltr'>purpurae,</span> <span class='ocrx_word' id='word_1_96' title='bbox 2329 2140 2389 2171; x_wconf 90' lang='lat'>20</span> 
     </span>
     <span class='ocr_line' id='line_1_25' title="bbox 780 2199 1967 2276; baseline -0.004 -16"><span class='ocrx_word' id='word_1_97' title='bbox 780 2222 891 2276; x_wconf 86' lang='lat' dir='ltr'>qua</span> <span class='ocrx_word' id='word_1_98' title='bbox 916 2199 1238 2260; x_wconf 90' lang='lat' dir='ltr'>muneretur</span> <span class='ocrx_word' id='word_1_99' title='bbox 1265 2209 1337 2275; x_wconf 89' lang='lat' dir='ltr'>te,</span> <span class='ocrx_word' id='word_1_100' title='bbox 1372 2203 1677 2274; x_wconf 54' lang='lat' dir='ltr'>Priaperet</span> <span class='ocrx_word' id='word_1_101' title='bbox 1705 2206 1777 2271; x_wconf 88' lang='lat' dir='ltr'>te,</span> <span class='ocrx_word' id='word_1_102' title='bbox 1809 2205 1967 2272; x_wconf 90' lang='lat' dir='ltr'>pater</span> 
     </span>
     <span class='ocr_line' id='line_1_26' title="bbox 862 2284 1961 2360; baseline -0.005 -18"><span class='ocrx_word' id='word_1_103' title='bbox 862 2284 1099 2355; x_wconf 78' lang='lat' dir='ltr'>Silvano,</span> <span class='ocrx_word' id='word_1_104' title='bbox 1132 2289 1286 2340; x_wconf 87' lang='lat' dir='ltr'>tutor</span> <span class='ocrx_word' id='word_1_105' title='bbox 1314 2285 1526 2339; x_wconf 90' lang='lat' dir='ltr'>finium.</span> <span class='ocrx_word' id='word_1_106' title='bbox 1799 2341 1961 2360; x_wconf 40' lang='lat' dir='ltr'>-q</span> 
     </span>
     <span class='ocr_line' id='line_1_27' title="bbox 779 2362 1869 2434; baseline -0.005 -12"><span class='ocrx_word' id='word_1_107' title='bbox 779 2365 918 2422; x_wconf 88' lang='lat' dir='ltr'>libet</span> <span class='ocrx_word' id='word_1_108' title='bbox 944 2367 1119 2422; x_wconf 89' lang='lat' dir='ltr'>iacere</span> <span class='ocrx_word' id='word_1_109' title='bbox 1147 2366 1308 2422; x_wconf 90' lang='lat' dir='ltr'>modo</span> <span class='ocrx_word' id='word_1_110' title='bbox 1338 2364 1443 2420; x_wconf 90' lang='lat' dir='ltr'>sub</span> <span class='ocrx_word' id='word_1_111' title='bbox 1471 2364 1702 2434; x_wconf 80' lang='lat' dir='ltr'>antiqua</span> <span class='ocrx_word' id='word_1_112' title='bbox 1729 2362 1869 2433; x_wconf 85' lang='lat' dir='ltr'>ilice,</span> 
     </span>
     <span class='ocr_line' id='line_1_28' title="bbox 858 2446 1607 2518; baseline -0.004 -15"><span class='ocrx_word' id='word_1_113' title='bbox 858 2447 1022 2503; x_wconf 91' lang='lat' dir='ltr'>modo</span> <span class='ocrx_word' id='word_1_114' title='bbox 1048 2448 1107 2502; x_wconf 90' lang='lat' dir='ltr'>in</span> <span class='ocrx_word' id='word_1_115' title='bbox 1137 2447 1317 2503; x_wconf 90' lang='lat' dir='ltr'>tenaci</span> <span class='ocrx_word' id='word_1_116' title='bbox 1344 2446 1607 2518; x_wconf 87' lang='lat' dir='ltr'>gramine.</span> 
     </span>
     <span class='ocr_line' id='line_1_29' title="bbox 780 2526 2388 2597; baseline -0.006 -12"><span class='ocrx_word' id='word_1_117' title='bbox 780 2527 1045 2585; x_wconf 85' lang='lat' dir='ltr'>labuntur</span> <span class='ocrx_word' id='word_1_118' title='bbox 1071 2528 1200 2584; x_wconf 88' lang='lat' dir='ltr'>altis</span> <span class='ocrx_word' id='word_1_119' title='bbox 1227 2528 1452 2583; x_wconf 85' lang='lat' dir='ltr'>interim</span> <span class='ocrx_word' id='word_1_120' title='bbox 1482 2526 1618 2597; x_wconf 85' lang='lat' dir='ltr'>ripis</span> <span class='ocrx_word' id='word_1_121' title='bbox 1645 2543 1835 2596; x_wconf 89' lang='lat' dir='ltr'>aquae,</span> <span class='ocrx_word' id='word_1_122' title='bbox 2329 2542 2388 2588; x_wconf 83' lang='lat'>25</span> 
     </span>
     <span class='ocr_line' id='line_1_30' title="bbox 861 2608 1609 2681; baseline -0.005 -15"><span class='ocrx_word' id='word_1_123' title='bbox 861 2614 1167 2681; x_wconf 90' lang='lat' dir='ltr'>queruntur</span> <span class='ocrx_word' id='word_1_124' title='bbox 1193 2610 1250 2664; x_wconf 91' lang='lat' dir='ltr'>in</span> <span class='ocrx_word' id='word_1_125' title='bbox 1280 2608 1436 2663; x_wconf 87' lang='lat' dir='ltr'>silvis</span> <span class='ocrx_word' id='word_1_126' title='bbox 1463 2625 1609 2676; x_wconf 71' lang='lat' dir='ltr'>aveS‚</span> 
     </span>
     <span class='ocr_line' id='line_1_31' title="bbox 780 2685 2093 2762; baseline -0.004 -17"><span class='ocrx_word' id='word_1_127' title='bbox 780 2690 1069 2761; x_wconf 87' lang='lat' dir='ltr'>fontesque</span> <span class='ocrx_word' id='word_1_128' title='bbox 1096 2689 1339 2762; x_wconf 85' lang='lat' dir='ltr'>lymphis</span> <span class='ocrx_word' id='word_1_129' title='bbox 1368 2689 1696 2759; x_wconf 83' lang='lat' dir='ltr'>obstrepunt</span> <span class='ocrx_word' id='word_1_130' title='bbox 1725 2685 2093 2755; x_wconf 82' lang='lat' dir='ltr'>manantibus,</span> 
     </span>
     <span class='ocr_line' id='line_1_32' title="bbox 861 2768 1678 2843; baseline -0.004 -15"><span class='ocrx_word' id='word_1_131' title='bbox 861 2789 1080 2828; x_wconf 85' lang='lat' dir='ltr'>somnos</span> <span class='ocrx_word' id='word_1_132' title='bbox 1109 2771 1256 2843; x_wconf 91' lang='lat' dir='ltr'>quod</span> <span class='ocrx_word' id='word_1_133' title='bbox 1283 2770 1489 2826; x_wconf 85' lang='lat' dir='ltr'>invitet</span> <span class='ocrx_word' id='word_1_134' title='bbox 1516 2768 1678 2825; x_wconf 79' lang='lat' dir='ltr'>leves,</span> 
     </span>
     <span class='ocr_line' id='line_1_33' title="bbox 779 2849 1946 2909; baseline -0.005 0"><span class='ocrx_word' id='word_1_135' title='bbox 779 2857 844 2909; x_wconf 85' lang='lat' dir='ltr'>at</span> <span class='ocrx_word' id='word_1_136' title='bbox 869 2871 996 2909; x_wconf 91' lang='lat' dir='ltr'>cum</span> <span class='ocrx_word' id='word_1_137' title='bbox 1023 2852 1270 2908; x_wconf 88' lang='lat' dir='ltr'>tonantis</span> <span class='ocrx_word' id='word_1_138' title='bbox 1299 2869 1476 2907; x_wconf 89' lang='lat' dir='ltr'>annus</span> <span class='ocrx_word' id='word_1_139' title='bbox 1505 2849 1767 2905; x_wconf 88' lang='lat' dir='ltr'>hibernus</span> <span class='ocrx_word' id='word_1_140' title='bbox 1796 2849 1946 2904; x_wconf 84' lang='lat' dir='ltr'>Iovis</span> 
     </span>
     <span class='ocr_line' id='line_1_34' title="bbox 861 2933 2387 3003; baseline -0.007 -13"><span class='ocrx_word' id='word_1_141' title='bbox 861 2933 1064 2989; x_wconf 88' lang='lat' dir='ltr'>imbres</span> <span class='ocrx_word' id='word_1_142' title='bbox 1090 2934 1354 3003; x_wconf 86' lang='lat' dir='ltr'>nivesque</span> <span class='ocrx_word' id='word_1_143' title='bbox 1383 2935 1680 3003; x_wconf 87' lang='lat' dir='ltr'>comparat,</span> <span class='ocrx_word' id='word_1_144' title='bbox 2326 2950 2387 2994; x_wconf 82' lang='lat'>30</span> 
     </span>
     <span class='ocr_line' id='line_1_35' title="bbox 781 3010 2035 3088; baseline -0.006 -17"><span class='ocrx_word' id='word_1_145' title='bbox 781 3020 881 3071; x_wconf 88' lang='lat' dir='ltr'>aut</span> <span class='ocrx_word' id='word_1_146' title='bbox 909 3015 1088 3071; x_wconf 86' lang='lat' dir='ltr'>trudit</span> <span class='ocrx_word' id='word_1_147' title='bbox 1116 3032 1265 3070; x_wconf 88' lang='lat' dir='ltr'>acres</span> <span class='ocrx_word' id='word_1_148' title='bbox 1292 3013 1423 3088; x_wconf 86' lang='lat' dir='ltr'>hinc</span> <span class='ocrx_word' id='word_1_149' title='bbox 1451 3018 1510 3069; x_wconf 87' lang='lat' dir='ltr'>et</span> <span class='ocrx_word' id='word_1_150' title='bbox 1537 3011 1665 3066; x_wconf 89' lang='lat' dir='ltr'>hinc</span> <span class='ocrx_word' id='word_1_151' title='bbox 1692 3010 1874 3067; x_wconf 84' lang='lat' dir='ltr'>multa</span> <span class='ocrx_word' id='word_1_152' title='bbox 1899 3026 2035 3065; x_wconf 87' lang='lat' dir='ltr'>cane</span> 
     </span>
     <span class='ocr_line' id='line_1_36' title="bbox 861 3092 1654 3169; baseline -0.005 -18"><span class='ocrx_word' id='word_1_153' title='bbox 861 3113 1022 3167; x_wconf 85' lang='lat' dir='ltr'>apros</span> <span class='ocrx_word' id='word_1_154' title='bbox 1049 3097 1107 3150; x_wconf 90' lang='lat' dir='ltr'>in</span> <span class='ocrx_word' id='word_1_155' title='bbox 1137 3095 1422 3169; x_wconf 81' lang='lat' dir='ltr'>obstantes</span> <span class='ocrx_word' id='word_1_156' title='bbox 1449 3092 1654 3164; x_wconf 88' lang='lat' dir='ltr'>plagas,</span> 
     </span>
     <span class='ocr_line' id='line_1_37' title="bbox 782 3174 1766 3254; baseline -0.005 -21"><span class='ocrx_word' id='word_1_157' title='bbox 782 3183 882 3234; x_wconf 88' lang='lat' dir='ltr'>aut</span> <span class='ocrx_word' id='word_1_158' title='bbox 909 3177 1080 3232; x_wconf 92' lang='lat' dir='ltr'>amite</span> <span class='ocrx_word' id='word_1_159' title='bbox 1108 3177 1220 3232; x_wconf 86' lang='lat' dir='ltr'>levi</span> <span class='ocrx_word' id='word_1_160' title='bbox 1247 3174 1582 3254; x_wconf 61' lang='lat' dir='ltr'>matendit</span> <span class='ocrx_word' id='word_1_161' title='bbox 1611 3174 1766 3244; x_wconf 83' lang='lat' dir='ltr'>retia,</span> 
     </span>
     <span class='ocr_line' id='line_1_38' title="bbox 864 3255 1529 3325; baseline -0.006 -11"><span class='ocrx_word' id='word_1_162' title='bbox 864 3258 1043 3314; x_wconf 82' lang='lat' dir='ltr'>turdis</span> <span class='ocrx_word' id='word_1_163' title='bbox 1071 3256 1330 3313; x_wconf 86' lang='lat' dir='ltr'>edacibus</span> <span class='ocrx_word' id='word_1_164' title='bbox 1356 3255 1529 3325; x_wconf 85' lang='lat' dir='ltr'>dolos,</span> 
     </span>
     <span class='ocr_line' id='line_1_39' title="bbox 780 3308 2388 3476; baseline -0.006 -81"><span class='ocrx_word' id='word_1_165' title='bbox 780 3308 1154 3476; x_wconf 51' lang='grc' dir='ltr'>Ρᾶνίᾶιιηὲῃιιθ</span> <span class='ocrx_word' id='word_1_166' title='bbox 1180 3338 1420 3410; x_wconf 89' lang='lat' dir='ltr'>leporem</span> <span class='ocrx_word' id='word_1_167' title='bbox 1449 3340 1507 3393; x_wconf 88' lang='lat' dir='ltr'>et</span> <span class='ocrx_word' id='word_1_168' title='bbox 1534 3335 1805 3391; x_wconf 81' lang='lat' dir='ltr'>advenam</span> <span class='ocrx_word' id='word_1_169' title='bbox 1834 3334 2030 3406; x_wconf 89' lang='lat' dir='ltr'>laqueo</span> <span class='ocrx_word' id='word_1_170' title='bbox 2055 3322 2246 3402; x_wconf 72' lang='lat' dir='ltr'>gruem</span> <span class='ocrx_word' id='word_1_171' title='bbox 2329 3352 2388 3400; x_wconf 81' lang='lat'>35</span> 
     </span>
     <span class='ocr_line' id='line_1_40' title="bbox 863 3418 1606 3491; baseline -0.005 -15"><span class='ocrx_word' id='word_1_172' title='bbox 863 3438 1027 3476; x_wconf 80' lang='lat' dir='ltr'>lucun</span> <span class='ocrx_word' id='word_1_173' title='bbox 1068 3437 1103 3475; x_wconf 92' lang='lat' dir='ltr'>a</span> <span class='ocrx_word' id='word_1_174' title='bbox 1130 3424 1319 3491; x_wconf 87' lang='lat' dir='ltr'>captat</span> <span class='ocrx_word' id='word_1_175' title='bbox 1345 3418 1606 3491; x_wconf 87' lang='lat' dir='ltr'>praemia.</span> 
     </span>
     <span class='ocr_line' id='line_1_41' title="bbox 785 3494 2109 3574; baseline -0.006 -16"><span class='ocrx_word' id='word_1_176' title='bbox 785 3502 910 3574; x_wconf 87' lang='lat' dir='ltr'>quis</span> <span class='ocrx_word' id='word_1_177' title='bbox 936 3520 1047 3557; x_wconf 91' lang='lat' dir='ltr'>non</span> <span class='ocrx_word' id='word_1_178' title='bbox 1074 3500 1362 3569; x_wconf 89' lang='lat' dir='ltr'>malarum,</span> <span class='ocrx_word' id='word_1_179' title='bbox 1394 3517 1535 3571; x_wconf 88' lang='lat' dir='ltr'>quas</span> <span class='ocrx_word' id='word_1_180' title='bbox 1562 3515 1716 3553; x_wconf 91' lang='lat' dir='ltr'>amor</span> <span class='ocrx_word' id='word_1_181' title='bbox 1744 3514 1901 3553; x_wconf 85' lang='lat' dir='ltr'>curas</span> <span class='ocrx_word' id='word_1_182' title='bbox 1926 3494 2109 3565; x_wconf 85' lang='lat' dir='ltr'>habet,</span> 
     </span>
     <span class='ocr_line' id='line_1_42' title="bbox 863 3580 1583 3639; baseline -0.004 0"><span class='ocrx_word' id='word_1_183' title='bbox 863 3583 999 3639; x_wconf 88' lang='lat' dir='ltr'>haec</span> <span class='ocrx_word' id='word_1_184' title='bbox 1025 3583 1172 3638; x_wconf 89' lang='lat' dir='ltr'>inter</span> <span class='ocrx_word' id='word_1_185' title='bbox 1200 3580 1583 3637; x_wconf 71' lang='lat' dir='ltr'>obliviscitur2</span> 
     </span>
     <span class='ocr_line' id='line_1_43' title="bbox 786 3660 1949 3736; baseline -0.006 -15"><span class='ocrx_word' id='word_1_186' title='bbox 786 3663 984 3736; x_wconf 89' lang='lat' dir='ltr'>quodsi</span> <span class='ocrx_word' id='word_1_187' title='bbox 1009 3664 1211 3736; x_wconf 86' lang='lat' dir='ltr'>pudica</span> <span class='ocrx_word' id='word_1_188' title='bbox 1237 3661 1437 3718; x_wconf 88' lang='lat' dir='ltr'>mulier</span> <span class='ocrx_word' id='word_1_189' title='bbox 1463 3663 1523 3717; x_wconf 91' lang='lat' dir='ltr'>in</span> <span class='ocrx_word' id='word_1_190' title='bbox 1550 3665 1768 3732; x_wconf 90' lang='lat' dir='ltr'>partem</span> <span class='ocrx_word' id='word_1_191' title='bbox 1795 3660 1949 3715; x_wconf 86' lang='lat' dir='ltr'>iuvet</span> 
     </span>
     <span class='ocr_line' id='line_1_44' title="bbox 868 3742 2389 3816; baseline -0.007 -14"><span class='ocrx_word' id='word_1_192' title='bbox 868 3746 1091 3802; x_wconf 90' lang='lat' dir='ltr'>domum</span> <span class='ocrx_word' id='word_1_193' title='bbox 1120 3750 1287 3816; x_wconf 84' lang='lat' dir='ltr'>atque</span> <span class='ocrx_word' id='word_1_194' title='bbox 1316 3743 1506 3800; x_wconf 79' lang='lat' dir='ltr'>dulces</span> <span class='ocrx_word' id='word_1_195' title='bbox 1531 3742 1748 3813; x_wconf 87' lang='lat' dir='ltr'>liberos,</span> <span class='ocrx_word' id='word_1_196' title='bbox 2272 3799 2283 3807; x_wconf 61' lang='lat'>‚</span> <span class='ocrx_word' id='word_1_197' title='bbox 2329 3763 2389 3803; x_wconf 90' lang='lat'>40</span> 
     </span>
    </p>
   </div>
  </div>
 </body>
</html>
