2792 4334
918 284 1409 336 EPISTULARUM
1446 286 1576 335 LIB.
1616 284 1685 333 11.
1725 288 1754 332 2
2284 289 2376 339 183

517 438 649 476 cum
677 424 892 492 segetes
919 424 1073 475 occat
1104 420 1210 476 tibi
1237 439 1369 477 mox
1396 420 1678 477 frumenta
1704 419 1948 488 daturaS‚

516 507 575 558 te
603 500 893 558 dominum
920 501 1107 557 sentit.
1189 502 1292 557 das
1322 521 1594 574 nummos,
1624 502 1824 572 accipis
1853 519 2034 570 uvam,

515 581 716 656 pullos,
750 601 868 653 ova,
903 582 1102 638 cadum
1131 585 1343 641 temeti.
1426 602 1623 655 nempe
1649 582 1811 639 modo
1840 583 1947 637 isto

516 663 793 737 paulatim
821 665 1078 720 mercaris
1108 682 1321 737 agrum,
1355 665 1590 721 fortasse
1617 663 1879 720 trecentis

514 749 620 802 aut
648 746 817 803 etiam
843 763 1012 816 supra
1039 764 1394 802 nummorum
1424 746 1649 802 milibus
1676 749 1939 817 emptum.
2294 759 2377 815 165

517 826 659 900 quid
684 826 867 897 refert,
901 827 1058 882 vivas
1087 833 1379 884 numerato
1406 845 1580 899 nuper
1607 846 1679 883 an
1708 827 1877 883 olim?

516 912 737 978 emptor
763 907 976 963 Aricini
1003 908 1287 980 quondam
1316 909 1569 965 Veientis
1595 914 1652 965 et
1680 909 1799 964 arvi

516 994 772 1061 emptum
801 993 961 1045 cenat
987 989 1166 1061 holus,
1200 989 1457 1062 quamvis
1479 989 1641 1046 aliter
1668 994 1848 1063 putat,
1883 990 2083 1061 emptis

516 1071 629 1127 sub
654 1075 872 1126 noctem
899 1070 1140 1141 gelidam
1168 1070 1337 1142 lignis
1365 1070 1659 1127 calefactat
1686 1089 1886 1127 aenum
1909 1093 1920 1128 :

516 1151 621 1208 sed
646 1156 808 1208 vocat
835 1169 1010 1224 usque
1038 1170 1217 1224 suum,
1253 1170 1363 1224 qua
1387 1152 1627 1225 populus
1655 1153 1840 1209 adsita
1867 1153 2030 1208 certis
2296 1176 2381 1220 170

515 1232 797 1289 limitibus
825 1233 1008 1289 vicina
1034 1234 1243 1305 refugit
1271 1233 1451 1305 iurgia
1469 1255 1487 1306 3
1531 1239 1817 1306 tamquam

516 1316 596 1371 sit
625 1314 907 1386 proprium
934 1315 1246 1387 quicquam,
1280 1319 1488 1387 puncto
1516 1315 1664 1387 quod
1692 1315 1914 1371 mobilis
1941 1314 2104 1370 horae

517 1413 668 1451 nunc
693 1413 869 1468 prece,
896 1414 1043 1452 nunc
1070 1397 1266 1469 preti0‚
1302 1414 1448 1452 nunc
1476 1397 1549 1468 vi,
1584 1415 1730 1452 1111110
1757 1402 1933 1452 morte
1961 1414 2217 1467 suprema

516 1481 804 1550 permutet
830 1476 1085 1533 dominos
1113 1482 1171 1534 et
1199 1478 1362 1534 cedat
1390 1478 1450 1533 in
1478 1477 1654 1534 altera
1681 1479 1815 1535 iura.

516 1559 599 1615 sic
627 1559 759 1630 quia
786 1564 1085 1631 perpetuus
1113 1559 1257 1615 nulli
1285 1559 1452 1615 datur
1480 1578 1613 1615 usus
1642 1565 1700 1615 et
1728 1560 1884 1615 heres
2296 1582 2377 1625 175

517 1640 780 1697 heredem
808 1639 1037 1695 alterius
1063 1640 1222 1696 velut
1252 1641 1402 1696 unda
1429 1643 1750 1713 supervenit
1776 1640 1997 1710 undam,

518 1721 659 1794 quid
686 1721 796 1777 vici
823 1726 1055 1793 prosunt
1084 1726 1182 1777 aut
1211 1722 1449 1778 horrea?
1493 1722 1697 1793 quidve
1728 1721 1977 1778 Calabris

518 1801 758 1859 saltibus
786 1801 987 1858 adiecti
1017 1802 1243 1873 Lucani,
1279 1802 1329 1859 si
1354 1805 1522 1859 metit
1550 1803 1723 1859 Orcus

516 1883 754 1956 grandia
781 1902 907 1939 cum
935 1885 1136 1955 parvis,
1170 1902 1280 1940 non
1313 1884 1606 1940 exorabilis
1633 1884 1804 1940 311102

517 1983 784 2037 gemmas,
818 1983 1071 2036 marmor,
1106 1965 1257 2036 ebur,
1297 1966 1582 2038 Tyrrhena
1608 1966 1804 2038 sigilla,
1839 1965 2089 2035 tabellas,
2295 1978 2379 2020 180

518 2051 831 2118 argentum,
862 2050 1046 2102 vestes
1078 2046 1319 2103 Gaetulo
1350 2048 1560 2103 murice
1586 2048 1791 2103 tinctas

518 2133 655 2185 sunt
681 2128 779 2200 qui
805 2146 916 2184 non
944 2127 1204 2199 habeant,
1239 2133 1324 2185 est
1355 2129 1451 2200 qui
1480 2147 1591 2184 non
1617 2134 1775 2185 curat
1804 2128 2020 2185 habere.

519 2227 621 2266 cur
647 2209 790 2265 alter
816 2209 1054 2265 fratrum
1083 2227 1292 2265 cessare
1324 2215 1381 2265 et
1410 2209 1599 2266 ludere
1626 2214 1684 2265 et
1711 2211 1882 2280 ungui

517 2292 796 2363 praeferat
825 2290 1063 2346 Herodis
1093 2289 1353 2362 palmetis
1382 2291 1697 2362 pinguibus,-
1730 2290 1872 2345 alter

516 2372 677 2428 dives
704 2376 763 2427 et
789 2372 1121 2444 inportunus
1151 2371 1223 2426 ad
1251 2371 1510 2427 umbram
1538 2371 1676 2427 lucis
1705 2371 1775 2426 ab
1805 2376 1931 2426 ortu
2298 2383 2379 2436 185

517 2454 835 2510 silvestrem
861 2452 1103 2508 flammis
1133 2456 1190 2508 et
1220 2453 1365 2508 ferro
1394 2453 1616 2523 mitiget
1645 2471 1854 2523 agrum,

517 2535 627 2591 scit
657 2533 883 2604 Genius,
915 2533 1102 2590 natale
1133 2552 1315 2590 comes
1346 2534 1443 2606 qui
1470 2538 1744 2605 temperat
1771 2539 1998 2603 astrum,

517 2620 752 2672 naturae
781 2614 918 2671 deus
945 2614 1240 2685 humanae,
1276 2615 1531 2671 mortalis
1560 2615 1617 2670 in
1646 2633 1820 2670 unum

517 2697 777 2770 quodque
806 2700 990 2767 caput,
1019 2695 1187 2752 vultu
1215 2696 1525 2766 mutabilis,
1558 2696 1718 2752 albus
1746 2700 1804 2752 et
1832 2700 1965 2751 ater.

518 2784 650 2835 utar
677 2782 735 2834 et
764 2796 834 2834 ex
860 2777 1092 2848 modicO,
1126 2781 1404 2849 quantum
1433 2795 1520 2833 res
1548 2783 1749 2849 poscet,
1782 2795 1974 2833 acervo
2296 2799 2380 2841 190

519 2859 733 2929 tollam,
767 2876 867 2915 nec
895 2863 1161 2930 metuam,
1197 2858 1332 2930 quid
1362 2858 1430 2914 de
1458 2876 1548 2914 me
1576 2858 1782 2913 iudicet
1810 2857 1980 2929 heres,
2065 2860 2069 2865 '

519 2941 670 3013 quod
698 2958 809 2995 non
837 2939 998 3012 plura
1025 2939 1174 2995 datis
1205 2940 1484 2996 invenerit
1505 2961 1522 3011 3
1564 2945 1620 2995 et
1650 2943 1838 2994 tamen
1866 2938 2013 2994 idem

519 3023 660 3079 scire
687 3021 889 3091 volam,
921 3025 1196 3093 quantum
1228 3021 1465 3093 simplex
1491 3020 1788 3091 hilarisque
1818 3020 2006 3091 nepoti

520 3103 795 3174 discrepet
821 3107 879 3158 et
906 3106 1182 3173 quantum
1215 3101 1493 3158 discordet
1521 3119 1717 3174 parcus
1744 3118 1924 3157 avar0.

521 3185 701 3240 distat
728 3184 892 3254 enim,
926 3201 1153 3255 spargas
1183 3188 1285 3239 tua
1311 3183 1590 3255 prodigus,
1623 3201 1694 3238 an
1721 3199 1897 3252 neque
1924 3185 2212 3252 sumptum
2296 3205 2378 3250 195

522 3266 739 3322 invitus
767 3264 938 3321 facias
966 3282 1145 3337 neque
1173 3264 1336 3337 plura
1363 3282 1558 3336 parare
1586 3263 1816 3331 13110108,

521 3365 586 3403 30
616 3347 819 3418 potius,
847 3364 982 3418 puer
1010 3351 1078 3402 ut
1104 3345 1263 3402 festis
1292 3345 1720 3417 quinquatribus
1746 3343 1895 3413 olim,

522 3429 722 3499 exiguo
749 3434 1019 3499 gratoque
1045 3427 1248 3483 fruaris
1276 3432 1525 3498 tempore
1553 3426 1771 3501 raptim.

522 3509 812 3581 pauperies
839 3508 1110 3564 inmunda
1136 3508 1333 3564 domus
1361 3507 1552 3580 procul
1581 3507 1761 3563 absit:
1804 3525 1903 3578 ego
1930 3511 2117 3562 utrum

520 3608 665 3647 nave
691 3590 838 3645 ferar
865 3608 1068 3662 magna
1094 3608 1165 3645 311
1193 3607 1380 3661 parva,
1414 3588 1560 3644 ferar
1587 3606 1730 3644 unus
1757 3592 1816 3644 et
1843 3588 2004 3643 idem.
2293 3613 2378 3643 200

522 3689 634 3727 non
665 3672 882 3742 agimur
909 3670 1143 3727 tumidis
1170 3670 1310 3726 velis
1337 3669 1616 3742 Aquilone
1644 3669 1897 3740 secund0,

522 3770 635 3808 non
664 3757 855 3808 tamen
883 3751 1129 3808 adversis
1158 3756 1403 3809 aetatem
1433 3750 1685 3808 ducimus
1714 3751 1952 3820 AustriS‚
