2792 4334
465 292 528 339 64

1192 286 1249 346 Q.
1287 286 1550 336 HORATI
1587 287 1826 338 FLACCI

865 425 1020 498 Lyde
1049 429 1275 480 strenua
1308 423 1635 494 Caecubum,

943 508 1297 577 munitaeque
1327 505 1530 561 adhibe
1558 507 1671 561 vim
1698 505 2022 578 sapientiae„

863 589 1126 646 inclinare
1154 587 1438 643 meridiem

946 671 1119 727 sentis
1148 687 1224 738 ac,
1256 668 1433 724 veluti
1463 672 1578 724 stet
1606 668 1840 724 volucris
1868 668 2000 740 dies,

865 753 1041 825 parcis
1071 752 1314 822 deripere
1344 750 1537 805 horreo

947 838 1253 890 cessantem
1284 831 1473 887 Bibuli
1503 831 1739 887 consulis
1768 831 2123 903 amphoram‘l

866 934 965 972 nos
994 914 1342 970 cantabimus
1371 913 1428 967 in
1455 913 1631 968 vicem

948 996 1276 1067 Neptunum
1305 999 1361 1050 et
1388 994 1592 1049 virides
1622 993 1924 1050 Nereidum
1952 1012 2131 1050 comas
2152 1013 2168 1064 3

869 1083 932 1134 tu
961 1096 1129 1134 curva
1156 1077 1361 1132 recines
1389 1075 1511 1145 lyra

949 1159 1221 1214 Latonam
1251 1163 1307 1213 et
1336 1158 1523 1213 celeris
1552 1155 1761 1227 spicula
1789 1155 2063 1225 Cynthiae
2081 1177 2098 1228 3

867 1259 1083 1297 summo
1112 1240 1365 1310 carmine,
1401 1256 1541 1310 quae
1573 1237 1786 1293 Gnidon

949 1321 1332 1392 fulgentesque
1361 1324 1516 1375 tenet
1547 1318 1813 1391 Cycladas
1842 1322 1899 1373 et
1929 1318 2182 1390 Paphum

869 1403 1072 1458 iunctis
1101 1402 1234 1458 visit
1263 1401 1518 1470 oloribus,

952 1485 1165 1540 dicetur
1193 1483 1392 1538 merita
1420 1482 1549 1537 Nox
1580 1498 1790 1553 quoque
1819 1480 1996 1536 nenia.

1415 1726 1622 1783 XXIX

875 1851 1160 1923 Tyrrhena
1186 1866 1379 1919 regum
1408 1847 1706 1919 progenieS,
1740 1846 1843 1902 tibi

873 1951 983 1988 non
1012 1935 1142 1986 ante
1169 1948 1327 1986 verso
1355 1929 1477 1985 lene
1506 1946 1717 1984 merum
1746 1928 1878 1984 cado

956 2031 1080 2069 cum
1108 2011 1239 2067 flore
1288 2010 1596 2080 Maecenas,
1629 2027 1874 2065 rosarum
1904 2014 1962 2066 et

1033 2055 1622 2166 presffiffiffialanus
1652 2090 1860 2162 capillis

875 2178 987 2232 iam
1015 2174 1227 2230 dudum
1255 2172 1404 2244 apud
1431 2190 1518 2227 me
1549 2176 1666 2228 est:
1711 2172 1856 2243 eripe
1885 2176 1943 2228 te
1970 2190 2187 2243 morae3

876 2275 945 2314 ne
973 2274 1029 2313 se
1159 2274 1186 2311 r
1212 2254 1386 2310 udum
1417 2254 1590 2309 Tibur
1616 2257 1673 2309 et
1700 2252 1932 2310 Aefulae

959 2273 1582 2406 deffitempleris
1608 2353 1802 2390 arvum
1830 2340 1888 2391 et

1038 2418 1300 2490 Telegoni
1326 2418 1454 2488 iuga
1480 2416 1795 2489 parricidae.

878 2500 1225 2567 fastidiosam
1243 2499 1679 2569 deauratorum]
1708 2503 1765 2553 et

879 2582 1081 2639 molem
1109 2580 1472 2653 propinquam
1503 2579 1740 2635 nubibus
1769 2580 1954 2636 arduis
1972 2599 1989 2650 3

964 2664 1159 2719 omitte
1187 2662 1375 2716 mirari
1403 2661 1805 2717 beatae-mmo*

1041 2744 1259 2799 fumum
1287 2747 1344 2798 et
1373 2760 1501 2813 opes
1532 2713 2181 2820 strepitumqfiehmae.

882 2825 1203 2898 plcrumque
1230 2827 1419 2895 gratae
1448 2822 1717 2878 divitibus
1743 2824 1968 2880 νίο6ευὶ
1990 2852 2006 2865 „-
2026 2839 2135 2896 ‘yffi

855 2948 858 2956 .
884 2884 1228 2977 mundaeque
1257 2921 1426 2976 parvo
1453 2904 1559 2960 sub
1586 2903 1727 2969 Lare
1754 2922 2056 2976 pauperum
2086 2888 2093 2903 ⁵

865 2983 952 3046 ‘k
967 2973 1129 3044 celiae
1157 2986 1275 3042 sine
1303 2985 1510 3041 aulaeis
1539 2989 1596 3041 et
1623 2990 1771 3041 ostro
1920 2984 1924 2986 ’

956 3038 1677 3138 Ἧῖἶᾶηἳπρῌὲηθω
1703 3067 1958 3123 frontem.

887 3152 998 3207 iam
1026 3150 1204 3205 clarus
1233 3148 1509 3204 occultum
1538 3146 1919 3204 Andromedae
1946 3151 2102 3219 pater

889 3232 1132 3288 ostendit
1160 3232 1359 3301 ignem,
1392 3230 1504 3284 iam
1533 3228 1778 3299 Procyon
1805 3229 1942 3284 furit

971 3317 1027 3369 et
1056 3312 1218 3368 stella
1247 3310 1437 3367 vesani
1463 3310 1679 3380 Leonis,

1049 3393 1162 3450 sole
1190 3392 1307 3448 dies
1334 3392 1600 3448 referente
1626 3392 1793 3447 siccos
1812 3411 1829 3462 3

889 3476 1000 3532 iam
1028 3480 1217 3546 pastor
1244 3473 1463 3528 umbras
1492 3490 1616 3528 cum
1642 3489 1801 3543 grege
1829 3470 2087 3542 languido

890 3557 1182 3627 rivumque
1209 3555 1383 3610 fessus
1413 3553 1626 3625 quaerit
1654 3557 1711 3609 et
1738 3552 1970 3623 h-(E-tffl-l-

972 3637 1199 3693 dumeta
1228 3636 1440 3692 Silvani
1467 3638 1722 3705 caretque

1052 3719 1172 3790 ripa
1198 3718 1353 3789 vagis
1381 3717 1658 3772 taciturna
1684 3715 1881 3772 ventis

2498 1015 2551 1046 10

2516 2603 2567 2633 10

2522 3416 2575 3445 20
