2792 4334
396 300 456 347 28

1123 299 1179 359 Q.
1221 298 1482 350 HORATI
1517 300 1754 352 FLACCI

875 434 1017 490 circa
1044 434 1283 490 virentes
1313 439 1401 491 est
1429 436 1644 492 animus
1671 441 1799 494 tuae

875 534 1090 588 campos
1120 515 1396 588 iuvencae,
1431 535 1577 573 nunc
1604 517 1787 574 fluviis
1817 536 2039 591 gravem

901 661 903 665 Α
955 597 1184 653 solantis
1213 601 1445 669 aestum,
1479 617 1625 655 nunc
1651 599 1709 655 in
1735 600 1848 657 udo

1033 678 1221 735 ludere
1251 697 1376 735 cum
1407 679 1601 736 vitulis
1628 680 1822 737 salicto

875 761 1306 832 praegestientis
1391 761 1525 817 tolle
1547 761 1858 833 cupidinem

875 841 1086 898 inmitis
1114 860 1290 900 uvae:
1334 842 1448 898 iam
1478 843 1584 899 tibi
1613 842 1809 900 lividos

953 922 1257 994 distinguet
1285 929 1588 980 autumnus
1617 942 1858 982 racemos

1033 1022 1304 1076 purpureo
1332 1006 1518 1061 varius
1547 1004 1734 1063 colore.

875 1085 988 1141 iam
1017 1090 1072 1142 te
1098 1091 1394 1157 sequetur:
1441 1088 1611 1143 currit
1640 1088 1783 1143 enim
1811 1087 1966 1145 ferox

877 1171 1045 1237 aetas,
1076 1172 1133 1223 et
1162 1168 1261 1240 illi,
1294 1187 1433 1240 quos
1463 1168 1569 1225 tibi
1598 1168 1910 1241 dempserit,

954 1254 1192 1320 apponet
1222 1268 1391 1306 annos
1415 1271 1432 1322 3
1475 1251 1587 1306 iam
1616 1255 1874 1322 proterva

1036 1330 1218 1387 fronte
1246 1335 1400 1402 petet
1432 1331 1637 1402 Lalage
1663 1332 1941 1402 maritum,

876 1410 1077 1468 dilecta
1104 1417 1376 1482 quantum
1411 1431 1518 1468 11011
1548 1412 1752 1469 Pholoe
1779 1413 1964 1485 fugax,

875 1510 984 1548 non
1014 1491 1230 1548 Chloris
1257 1493 1383 1550 albo
1415 1495 1492 1548 sic
1521 1512 1707 1550 umero
1735 1495 1933 1566 nitenS,

954 1578 1019 1629 ut
1046 1591 1185 1645 pura
1211 1579 1482 1631 nocturno
1510 1575 1725 1631 renidet

1034 1655 1168 1711 luna
1194 1656 1331 1711 mari
1363 1655 1667 1712 Cnidiusve
1695 1655 1896 1729 Gygesx,

873 1753 1035 1807 quem
1060 1735 1110 1792 ‘si
1140 1736 1451 1808 puellarum
1480 1737 1741 1794 insereres
1771 1738 1950 1809 chor0,

875 1818 1008 1873 mire
1036 1836 1256 1889 sagaces
1284 1817 1507 1874 falleret
1535 1818 1777 1891 hospites

954 1898 1247 1955 discrimen
1276 1900 1571 1956 obscurum
1599 1899 1793 1956 solutis

1034 1980 1274 2037 crinibus
1304 1982 1671 2054 ambiguoque
1699 1982 1876 2039 vultU.

1393 2257 1480 2313 VI

873 2374 1121 2447 Septimi,
1160 2375 1340 2433 Gades
1372 2377 1589 2433 aditure
1617 2394 1830 2433 mecum
1859 2381 1917 2433 et

874 2456 1218 2513 Cantabrum
1245 2458 1528 2515 indoctum
1557 2459 1687 2530 iuga
1714 2459 1853 2515 ferre
1881 2461 2070 2514 nostra
2095 2462 2152 2515 et

872 2539 1133 2595 barbaras
1168 2538 1370 2611 SyrteS,
1406 2540 1504 2597 ubi
1532 2539 1731 2595 Maura
1756 2558 1971 2612 semper

952 2624 1171 2676 aestuat
1202 2620 1349 2676 unda
1372 2643 1383 2678 :

873 2700 1045 2758 Tibur
1072 2701 1254 2773 Argeo
1282 2703 1530 2773 positum
1559 2701 1747 2758 colono

871 2783 947 2838 sit
974 2800 1124 2839 meae
1153 2782 1307 2839 sedes
1338 2784 1555 2839 utinam
1584 2788 1851 2853 senectae,

870 2863 946 2919 sit
974 2863 1169 2920 modus
1195 2862 1340 2919 lasso
1370 2866 1539 2920 maris
1569 2870 1627 2921 et
1654 2865 1867 2921 viarum

951 2945 1303 3016 militiaeque.

872 3026 1017 3083 unde
1046 3027 1093 3081 si
1121 3026 1325 3082 Parcae
1354 3026 1651 3098 prohibent
1678 3027 1912 3098 iniquae,

873 3107 1030 3164 dulce
1058 3107 1266 3209 pellitis
1295 3108 1494 3164 ovibus
1522 3106 1744 3165 Galaesi

870 3189 1077 3245 flumen
1104 3186 1163 3245 et
1191 3182 1250 3266 r}
1250 3194 1424 3267 gnata
1451 3194 1638 3261 petam
1667 3189 1870 3245 Laconi

952 3288 1080 3326 rura
1106 3269 1441 3328 Phalantho,

873 3352 968 3408 ille
995 3338 1435 3408 terraF'u'rff‘rfi'i'Hi
1465 3356 1681 3422 praeter
1707 3369 1897 3407 omnes

873 3417 1104 3509 angulus
1133 3432 1293 3504 ridet,
1328 3432 1427 3498 ubi
1456 3451 1564 3498 non
1595 3432 1868 3504 Hymetto

874 3511 1038 3569 mella
1066 3514 1338 3571 decedunt
1367 3514 1643 3585 viridique
1671 3518 1846 3570 certat

887 3628 894 3630 -
953 3595 1088 3674 '2292
1114 3595 1371 3666 VenafrO,

874 3693 970 3731 ver
997 3676 1089 3732 ubi
1117 3676 1343 3747 longum
1374 3676 1700 3747 tepidasque
1727 3675 1954 3748 praebet

877 3756 1127 3829 Iuppiter
1155 3757 1377 3813 brumas
1410 3762 1467 3813 et
1495 3757 1703 3812 amicus
1731 3758 1915 3814 Aulon

1236 3835 1418 3854 *······⁶⁸-

2422 868 2478 900 10

2422 1273 2473 1318 15

2421 3133 2477 3163 10
