2792 4334
433 294 492 343 72

1167 296 1223 357 Q.
1266 298 1527 348 HORATI
1565 281 1803 351 FLAcci

911 436 1067 488 tutus
1094 433 1194 489 bos
1223 435 1429 490 etenim
1457 454 1585 491 rura
1612 437 1970 509 perambulat,

910 515 1087 570 nutrit
1113 533 1244 570 rura
1273 514 1438 571 Ceres
1467 516 1719 589 almaque
1748 518 2047 589 Faustitas,

908 600 1164 667 pacatum
1192 595 1434 652 volitant
1462 615 1558 667 per
1587 617 1732 655 mare
1761 601 1996 672 navitae,

986 676 1195 748 culpari
1223 678 1425 733 metuit
1457 678 1637 751 Fides,
1795 752 1797 754 ι
2456 707 2512 736 20

906 756 1072 814 nullis
1098 757 1367 830 polluitur
1395 765 1549 815 casta
1578 760 1772 818 domus
1800 765 2021 835 stupris,
2097 783 2099 786 ⁴

907 857 1022 895 mos
1049 842 1105 894 et
1132 838 1224 894 lex
1250 840 1590 897 maculosum
1621 844 1865 900 edomuit
1891 847 2060 917 nesae,

906 918 1203 975 laudantur
1230 921 1397 976 simili
1426 922 1577 993 prole
1605 941 1915 997 puerperae,

984 999 1201 1072 culpam
1229 1021 1404 1073 poena
1432 1005 1633 1075 premit
1661 1023 1853 1063 comes.

905 1082 1028 1154 quis
1057 1083 1327 1139 Parthum
1357 1091 1572 1157 paveat,
1607 1088 1729 1157 quis
1756 1087 1999 1158 gelidum
2031 1087 2291 1159 Scythen,
2452 1110 2508 1155 25

905 1164 1027 1234 quis
1055 1163 1352 1221 Germania
1382 1185 1517 1238 quos
1546 1167 1766 1223 horrida
1793 1169 2033 1239 parturit

904 1244 1064 1315 fetus,
1096 1246 1355 1302 incolumi
1387 1247 1657 1305 Caesare?
1696 1250 1820 1320 quis
1846 1249 1991 1305 ferae

981 1324 1187 1382 bellum
1216 1333 1368 1383 curet
1401 1328 1699 1387 Hiberiae?

903 1406 1088 1461 condit
1114 1409 1346 1479 quisque
1377 1409 1522 1465 diem
1552 1410 1781 1467 collibus
1809 1411 1868 1466 in
1896 1412 2024 1481 suis,

904 1492 958 1543 et
986 1488 1159 1543 vitem
1186 1489 1382 1545 viduas
1414 1490 1570 1546 ducit
1597 1492 1667 1546 ad
1695 1492 1912 1548 arbores
1933 1515 1947 1565 3
2449 1518 2507 1561 30

903 1567 1031 1624 hinc
1057 1569 1128 1625 ad
1156 1569 1287 1625 vina
1314 1570 1462 1626 redit
1488 1571 1669 1628 laetus
1697 1576 1754 1628 et
1781 1573 1969 1630 alteris

981 1654 1037 1705 te
1065 1651 1268 1706 mensis
1297 1651 1527 1708 adhibet
1555 1652 1718 1709 deum
1737 1672 1755 1725 3

901 1735 957 1787 te
983 1731 1163 1787 multa
1190 1750 1358 1804 prece,
1394 1736 1452 1788 te
1479 1735 1826 1806 prosequitur
1852 1754 2000 1792 mero

900 1811 1088 1868 defuso
1116 1814 1336 1885 pateriS,
1372 1819 1430 1869 et
1459 1814 1695 1870 Laribus
1723 1820 1883 1871 tuum

900 1893 1092 1949 miscet
1121 1913 1339 1965 numen,
1373 1896 1463 1951 uti
1490 1895 1720 1952 Graecia
1750 1896 1994 1953 Castoris
2445 1920 2502 1967 35

978 1979 1036 2031 et
1062 1976 1250 2046 magni
1278 1993 1486 2032 memor
1515 1976 1785 2034 Herculis.

899 2053 1087 2127 longas
1114 2074 1149 2111 o
1175 2057 1408 2126 utinam,
1440 2058 1553 2113 dux
1582 2058 1735 2127 bone,
1767 2058 1932 2115 ferias

898 2141 1139 2207 praestes
1169 2137 1469 2209 Hesperiae
1492 2139 1535 2195 1²
1579 2139 1810 2196 dicimus
1838 2141 2052 2211 integro

897 2217 1025 2273 sicci
1052 2237 1213 2274 mane
1242 2219 1343 2289 die,
1377 2219 1611 2276 dicimus
1638 2220 1807 2289 uvidi,

975 2317 1101 2355 cum
1127 2300 1210 2356 sol
1239 2299 1453 2356 Oceano
1481 2299 1685 2358 subest.
2441 2329 2502 2371 40

896 2536 1057 2608 Dive‚
1088 2555 1253 2609 quem
1282 2539 1459 2611 proles
1488 2539 1703 2597 Niobea
1728 2559 1960 2612 magnae

897 2618 1167 2674 vindicem
1195 2619 1416 2690 linguae
1434 2621 1741 2693 Tityosque
1769 2626 1956 2693 raptor

896 2700 1066 2755 sensit
1095 2704 1152 2755 et
1181 2698 1373 2756 Troiae
1400 2719 1568 2773 prope
1597 2703 1772 2759 victor
1799 2703 1946 2759 altae

973 2779 1214 2836 Phthius
1243 2781 1503 2853 Achilles,
1957 2787 1963 2791 ’

897 2862 1087 2918 ceteris
1115 2862 1303 2930 maior,
1337 2863 1444 2918 tibi
1471 2864 1629 2920 miles
1656 2865 1827 2936 inpar,
2100 2903 2103 2905 v
2469 2890 2497 2937 5

893 2941 1038 2997 filius
1066 2943 1318 3014 quamvis
1346 2943 1597 3000 Thetidis
1627 2947 1866 3001 marinae

895 3023 1181 3079 Dardanas
1209 3029 1387 3080 turres
1417 3030 1669 3097 quateret
1695 3021 1981 3099 tremenda
2014 3070 2040 3084 ,r
2086 3063 2088 3065 -

972 3106 1194 3176 cuspide
1221 3123 1455 3177 pugnax.

893 3185 1000 3256 ille,
1034 3186 1274 3242 mordaci
1300 3186 1456 3243 velut
1483 3188 1594 3243 icta
1621 3188 1760 3245 ferro

891 3267 1052 3338 pinus
1078 3273 1177 3323 aut
1205 3268 1425 3339 inpulsa
1452 3287 1735 3339 cupressus
1765 3269 1927 3338 Eum,
2440 3298 2495 3328 10

892 3349 1124 3418 procidit
1143 3349 1257 3405 late
1285 3349 1577 3420 posuitque
1605 3350 1802 3406 collum
1832 3351 1886 3405 in

969 3430 1193 3501 pulvere
1222 3430 1442 3488 Teucro,

890 3509 981 3580 ille
1009 3530 1118 3568 non
1145 3512 1387 3569 inclusus
1414 3530 1553 3583 equo
1584 3512 1865 3568 Minervae

798 3588 800 3590 ’
889 3609 1038 3648 sacra
1064 3594 1299 3650 mentito
1325 3593 1468 3648 male
1497 3593 1720 3651 feriatos

890 3672 1054 3729 Troas
1082 3680 1140 3731 et
1167 3675 1370 3731 laetam
1402 3675 1609 3730 Priami
1638 3653 1849 3730 choreis
2441 3699 2494 3744 15

966 3754 1181 3812 falleret
1208 3756 1405 3826 aulam,
