2792 4334
436 278 529 331 176
1155 272 1211 332 Q.
1248 268 1511 320 HORATI
1538 265 1781 318 FLACCI

676 404 897 469 condita
923 414 1051 483 post
1076 408 1353 465 frumenta
1379 405 1627 460 levantes
1655 407 1898 473 tempore
1926 399 2067 455 festo
2430 419 2513 459 140

678 511 869 566 corpus
900 497 957 549 et
982 492 1164 563 ipsum
1191 488 1440 544 animum
1467 504 1561 557 spe
1590 486 1715 540 finis
1743 483 1881 539 dura
1908 481 2189 547 ferentem,

679 594 804 633 cum
829 574 992 631 sociis
1020 588 1241 643 operum
1269 567 1454 640 pueris
1480 571 1538 623 et
1566 567 1794 636 coniuge
1820 564 1929 618 fida

681 657 953 714 Tellurem
980 671 1157 725 porco,
1192 650 1479 706 Silvanum
1506 648 1649 703 lacte
1676 646 1919 719 piabant,

681 738 905 795 floribus
933 739 990 792 et
1016 735 1147 789 vino
1175 731 1416 788 Genium
1443 747 1738 785 memorem
1765 727 1948 783 brevis
1975 724 2111 780 aevi.
2189 765 2194 769 -

685 815 1016 876 Fescennina
1043 833 1138 886 per
1165 813 1309 868 hunc
1336 812 1565 873 inventa
1590 809 1813 866 licentia
1840 824 2044 863 morem
2436 820 2522 866 145

683 901 931 958 versibus
958 896 1184 952 alternis
1211 892 1499 965 opprobria
1526 891 1729 947 rustica
1757 888 1916 959 fudit,

683 983 1015 1050 libertasque
1044 979 1383 1034 recurrentes
1412 977 1634 1044 accepta
1660 989 1756 1042 per
1783 987 1953 1026 annos

684 1063 818 1119 lusit
845 1059 1174 1130 amabiliter,
1206 1058 1375 1114 donec
1404 1056 1520 1111 iam·
1542 1071 1737 1109 saevus
1766 1055 2011 1122 apertam

685 1145 745 1200 in
773 1144 979 1199 rabiem
1006 1142 1184 1212 coepit
1211 1139 1355 1195 verti
1383 1138 1532 1193 iocus
1561 1139 1619 1191 et
1645 1152 1741 1206 per
1768 1132 2025 1188 honestas

687 1227 767 1283 ire
793 1226 981 1281 domos
1007 1223 1210 1295 inpune
1238 1221 1440 1276 minax.
1526 1217 1746 1273 doluere
1774 1217 1998 1270 cruento
2446 1228 2529 1273 150

688 1307 851 1363 dente
878 1304 1133 1374 lacessiti,
1150 1302 1273 1358 ‘fuit
1301 1301 1528 1356 intactis
1557 1314 1769 1371 quoque
1799 1313 1927 1351 cura

691 1388 999 1446 condicione
1028 1402 1191 1455 super
1218 1382 1494 1438 communi
1521 1402 1532 1437 ε
1576 1379 1708 1451 quin
1737 1377 1905 1434 etiam
1931 1375 2022 1431 lex

690 1485 967 1542 poenaque
994 1465 1123 1536 lata,
1156 1464 1300 1520 malo
1328 1480 1469 1535 quae
1496 1460 1669 1517 nollet
1697 1459 1934 1515 carmine
1961 1471 2292 1528 quemquam

695 1550 927 1607 describi
945 1568 962 1619 3
1002 1551 1214 1603 vertere
1240 1544 1469 1600 modum
1495 1541 1785 1598 formidine
1814 1539 1976 1594 fustis

693 1632 765 1688 ad
791 1631 927 1687 bene
954 1628 1244 1684 dicendum
1270 1623 1763 1694 delectandumque
1791 1619 2011 1676 redacti.
2362 1639 2368 1642 -
2450 1632 2532 1679 155

694 1713 925 1770 Graecia
951 1715 1111 1782 capta
1139 1708 1315 1764 ferum
1345 1707 1612 1762 victorem
1640 1704 1784 1774 cepit
1812 1707 1868 1758 et
1895 1705 2043 1756 artes

695 1794 887 1851 intulit
914 1791 1115 1863 agresti
1145 1789 1305 1844 Latio
1329 1809 1341 1844 ι
1385 1787 1464 1842 sic
1490 1784 1744 1841 horridus
1771 1783 1866 1839 ille

695 1875 925 1932 defluxit
952 1888 1212 1928 numerus
1241 1869 1534 1926 Saturnius
1564 1870 1621 1921 et
1647 1883 1814 1937 grave
1841 1863 1993 1920 virus

695 1955 997 2012 munditiae
1023 1951 1275 2025 pepulere
1293 1970 1311 2022 3
1354 1949 1451 2005 sed
1478 1949 1536 2003 in
1563 1946 1786 2018 longum
1816 1950 2002 2001 tamen
2028 1960 2228 1999 aevum

694 2039 1013 2094 manserunt
1040 2034 1308 2104 hodieque
1337 2034 1567 2087 manent
1593 2027 1830 2098 vestigia
1855 2025 2010 2082 ruris,
2456 2029 2540 2072 160

696 2135 847 2175 serus
875 2117 1021 2173 enim
1050 2114 1271 2172 Graecis
1301 2111 1548 2168 admovit
1577 2109 1831 2165 acumina
1858 2107 2062 2162 chartis

696 2205 755 2256 et
778 2203 904 2271 post
933 2197 1142 2253 Punica
1168 2194 1312 2250 bella
1340 2194 1562 2265 quietus
1589 2207 1846 2262 quaerere
1875 2187 2067 2259 coepit,

699 2281 829 2354 quid
857 2277 1153 2350 Sophocles
1182 2281 1237 2332 et
1265 2275 1499 2346 Thespis
1527 2278 1585 2329 et
1612 2270 1918 2342 Aeschylus
1945 2268 2084 2323 utile
2111 2266 2332 2322 ferrent.

698 2361 996 2433 temptavit
1024 2376 1238 2431 quoque
1264 2375 1382 2412 rem
1413 2356 1460 2411 si
1487 2354 1650 2425 digne
1677 2356 1891 2409 vertere
1918 2353 2117 2422 posset,

700 2449 759 2501 et
784 2443 993 2515 placuit
1020 2441 1129 2498 sibi
1156 2444 1354 2495 natura
1384 2436 1636 2493 sublimis
1663 2438 1720 2489 et
1747 2450 1903 2488 acer:
2460 2436 2542 2491 165

699 2543 828 2581 nam
855 2524 1029 2597 spirat
1056 2521 1326 2592 tragicum
1358 2518 1494 2575 satis
1522 2522 1580 2572 et
1607 2515 1842 2572 feliciter
1868 2512 2050 2580 audet,

700 2607 796 2662 sed
822 2611 1038 2677 turpem
1066 2606 1230 2675 putat
1256 2601 1453 2656 inscite
1482 2598 1792 2668 metuitque
1817 2594 2056 2650 lituram.

703 2687 958 2755 creditur,
992 2703 1059 2741 ex
1085 2683 1265 2739 medio
1293 2682 1437 2754 quia·
1455 2698 1539 2736 res
1569 2678 1810 2748 arcessit,
1841 2675 2040 2731 habere

702 2768 914 2824 sudoris
942 2766 1245 2834 minimum,
1277 2762 1375 2819 sed
1405 2760 1575 2817 habet
1604 2757 1881 2815 comoedia
1906 2760 2065 2812 tanto

703 2849 826 2922 plus
853 2848 1029 2904 oneris
1057 2849 1263 2918 quanto
1289 2843 1484 2900 veniae
1513 2843 1710 2897 minus,
1800 2839 1979 2909 aspice
2008 2835 2245 2891 Plautus
2367 2862 2373 2870 ·-
2467 2855 2549 2895 170

705 2949 814 3003 quo
838 2933 1000 3001 pacto
1026 2932 1211 3000 partes
1239 2929 1457 2981 tutetur
1485 2922 1721 2979 amantis
1751 2919 1962 2991 ephebi,

706 3018 772 3068 ut
800 3010 972 3083 patris
999 3008 1219 3077 attenti,
1249 3005 1464 3062 lenonis
1492 3008 1556 3060 ut
1585 3001 1849 3071 insidiosi,

708 3096 947 3166 quantus
975 3091 1049 3147 sit
1076 3089 1395 3145 Dossennus
1427 3084 1683 3141 edacibus
1711 3084 1771 3139 in
1798 3080 2068 3154 parasitiS,

708 3193 871 3246 quam
901 3191 1010 3229 non
1036 3170 1300 3227 adstricto
1322 3169 1604 3238 percurrat
1633 3164 1854 3235 pulpita
1880 3179 2066 3218 socco:

708 3256 874 3327 gestit
904 3254 1049 3310 enim
1076 3267 1364 3308 nummum
1391 3248 1452 3303 in
1479 3245 1684 3302 loculos
1713 3245 2020 3311 demittere,
2052 3245 2180 3312 post
2208 3240 2311 3295 hoc
2475 3261 2526 3301 17
2531 3258 2554 3302 5

710 3354 929 3393 securus
959 3334 1120 3390 cadat
1147 3350 1219 3388 an
1245 3334 1394 3386 recto
1422 3332 1534 3383 stet
1560 3326 1749 3382 fabula
1779 3324 1908 3381 talo‚

710 3429 877 3490 quem·
900 3416 1033 3472 tulit
1061 3414 1131 3470 ad
1159 3429 1410 3469 scaenam
1438 3412 1666 3464 ventoso
1694 3406 1889 3464 Gloria
1916 3422 2091 3473 curm,

712 3499 988 3554 exanimat
1013 3495 1199 3552 lentus
1225 3495 1513 3565 spectator,
1544 3487 1767 3544 sedulus
1799 3486 1990 3543 inflat:

715 3580 793 3635 sic
818 3579 953 3647 leve,
982 3579 1060 3633 sic
1087 3592 1317 3648 parvum
1345 3576 1447 3639 est,
1477 3570 1723 3625 animum
1752 3567 1902 3639 quod
1930 3565 2109 3621 laudis
2137 3582 2370 3629 avarum

716 3660 931 3716 subruit
958 3663 1056 3714 aut
1083 3656 1272 3713 reficit.
1360 3652 1544 3709 valeat
1571 3668 1656 3705 res
1685 3648 1912 3718 ludicra,
1944 3647 1992 3703 si
2017 3665 2106 3702 me
2474 3655 2558 3696 180

715 3740 898 3814 palma
925 3743 1125 3810 negata
1152 3753 1412 3804 macrum,
1444 3732 1648 3788 donata
1675 3729 1891 3786 reducit
1919 3728 2174 3800 opimum.
