2792 4334
448 298 540 346 168

1170 300 1225 359 Q.
1265 300 1527 350 HoRATI
1564 300 1804 352 FLAccl

684 439 773 491 est
800 434 928 491 huic
954 434 1233 491 diversum
1260 434 1400 490 vitio
1427 436 1630 493 vitium
1657 455 1824 510 prope
1851 437 2043 506 maim,

684 518 952 589 asperitas
979 517 1211 589 agrestis
1238 521 1295 571 et
1321 516 1643 574 inconcinna
1669 520 1977 591 gravisque,

684 615 825 669 quae
853 617 911 655 se
939 597 1284 654 commendat
1311 602 1473 653 tonsa
1500 605 1638 671 cute,
1674 600 1933 657 dentibus
1967 599 2115 670 atris,

684 679 819 735 dum
845 679 969 735 vult
996 678 1224 734 libertas
1254 678 1362 734 dici
1388 698 1541 737 mera
1566 699 1805 754 veraque
1834 682 2029 738 virtus.

683 761 864 817 virtus
893 764 977 817 est
1004 760 1245 816 medium
1273 760 1538 817 vitiorum
1566 767 1622 819 et
1650 764 1929 835 utrimque
1956 762 2259 819 reductum.

682 842 825 899 alter
849 843 908 898 in
935 841 1255 913 obsequium
1281 841 1405 913 plus
1434 861 1605 915 aequo
1632 862 1835 916 pronus
1863 850 1921 901 et
1948 845 2046 900 imi

683 924 891 980 derisor
918 922 1047 978 lecti
1074 923 1150 978 sic
1177 927 1376 978 nutum
1406 924 1597 981 divitis
1625 925 1825 997 horret,

684 1005 763 1060 sic
792 1006 954 1060 iterat
982 1021 1138 1060 voces
1167 1009 1225 1060 et
1252 1004 1421 1061 verba
1449 1005 1702 1063 cadentia
1729 1007 1895 1078 tollit,

682 1090 749 1141 ut
777 1103 1005 1157 puerum
1033 1103 1193 1142 saevo
1221 1086 1408 1143 credas
1437 1087 1646 1144 dictata
1672 1089 1939 1160 magistro

682 1166 907 1223 reddere
934 1166 1025 1222 vel
1052 1173 1235 1239 partes
1263 1169 1497 1224 mimum
1525 1174 1761 1225 tractare
1787 1169 2089 1242 secundas3

604 1249 627 1274 ⁰
681 1248 826 1304 alter
849 1249 1062 1304 rixatur
1088 1249 1155 1305 de
1182 1249 1310 1305 lana
1337 1268 1497 1321 saepe
1527 1252 1759 1322 caprina,

682 1335 992 1401 propugnat
1020 1331 1179 1401 nugis
1209 1335 1489 1389 armatus:
1540 1333 1554 1359 ‘
1570 1331 1777 1388 scilicet
1803 1337 1869 1388 ut
1897 1349 2005 1387 non

681 1412 757 1467 sit
788 1410 922 1465 mihi
948 1412 1125 1481 prima
1151 1411 1287 1467 fides
1316 1417 1386 1483 et,
1421 1431 1549 1469 vere
1576 1413 1723 1485 quod
1750 1413 1947 1485 placet,
1980 1417 2045 1468 ut
2071 1430 2182 1469 non

680 1493 879 1548 acriter
906 1491 1171 1549 elatrem‘l
1211 1495 1451 1564 pretium
1479 1499 1631 1550 aetas
1659 1494 1835 1551 altera
1862 1494 2080 1551 sordet.'

680 1573 980 1645 ambigitur
1008 1573 1141 1645 quid
1170 1574 1352 1629 enim‘l
1437 1574 1633 1631 Castor
1660 1576 1798 1632 sciat
1826 1594 1898 1631 an
1926 1575 2135 1632 Docilis
2163 1574 2290 1646 plus
2309 1594 2325 1645 3

681 1654 1036 1710 Brundisium
1065 1654 1278 1710 Minuci
1304 1655 1503 1711 melius
1531 1657 1621 1712 via
1648 1656 1816 1714 ducat
1843 1675 1915 1713 an
1942 1657 2104 1729 Appi.

680 1754 844 1807 quem
870 1736 1133 1792 damnosa
1159 1754 1344 1807 venus,
1378 1755 1545 1809 quem
1571 1756 1826 1810 praeceps
1854 1738 1976 1794 alea
2000 1738 2191 1809 nudat,

678 1817 855 1888 gloria
880 1835 1044 1889 quem
1072 1836 1237 1889 supra
1264 1819 1407 1874 vires
1437 1823 1494 1874 et
1522 1820 1691 1875 vestit
1720 1825 1778 1875 et
1808 1820 2024 1891 unguit,

680 1916 845 1969 quem
872 1903 1027 1955 tenet
1054 1899 1270 1971 argenti
1296 1900 1421 1955 sitis
1449 1901 1747 1971 inportuna
1772 1900 2065 1972 famesque,

679 1997 844 2051 quem
870 1981 1212 2052 paupertatis
1239 1980 1416 2053 pudor
1443 1987 1501 2037 et
1529 1981 1672 2054 fuga,
1708 1981 1862 2038 dives
1888 1983 2109 2053 amicUS,

678 2079 839 2133 saepe
865 2060 1051 2117 decem
1077 2061 1234 2118 vitiis
1259 2062 1591 2132 instructior,
1624 2063 1743 2119 odit
1770 2068 1826 2120 et
1849 2063 2048 2134 horret,

678 2146 795 2212 aut,
827 2143 873 2198 si
900 2160 1009 2198 non
1038 2142 1169 2214 odit,
1204 2144 1344 2214 regit
1371 2161 1436 2198 ac
1464 2143 1639 2200 veluti
1667 2145 1760 2215 pia
1780 2149 1958 2201 mater

677 2222 807 2295 plus
833 2241 996 2295 quam
1024 2241 1083 2280 se
1110 2241 1298 2296 sapere
1327 2229 1383 2280 et
1411 2225 1717 2281 virtutibus
1745 2243 1862 2282 esse
1888 2227 2122 2298 priorem

678 2304 807 2361 vult
833 2310 889 2361 et
915 2305 997 2361 ait
1024 2323 1189 2377 prope
1216 2323 1380 2363 vera:
1432 2307 1446 2334 ‘
1461 2308 2022 2363 meae—contendere
2048 2307 2245 2363 noli—

677 2385 979 2442 stultitiam
1006 2387 1297 2458 patiuntur
1322 2405 1452 2460 opes
1471 2408 1489 2460 3
1532 2388 1635 2444 tibi
1661 2388 1893 2460 parvula
1920 2406 2005 2444 res
2026 2393 2109 2444 est
2133 2410 2146 2445 :

677 2472 803 2523 arta
828 2467 982 2523 decet
1010 2486 1206 2525 sanum
1234 2470 1490 2525 comitem
1521 2475 1650 2541 toga
1675 2493 1687 2528 ε
1731 2470 1917 2526 desine
1945 2488 2158 2526 mecum

677 2549 920 2607 certare.'
1002 2549 1349 2622 Eutrapelus,
1382 2552 1706 2623 cuicumque
1736 2569 1926 2608 nocere
1955 2551 2192 2623 volebat,

677 2631 1009 2687 vestimenta
1037 2631 1207 2687 dabat
1234 2632 1508 2703 pretiosa:
1556 2635 1569 2661 ‘
1587 2632 1784 2689 beatus
1811 2633 1957 2689 enim
1986 2633 2096 2688 iam

678 2729 804 2767 cum
830 2711 1070 2782 pulchris
1099 2713 1298 2768 tunicis
1326 2719 1509 2770 sumet
1538 2732 1679 2770 nova
1707 2713 1934 2770 consilia
1961 2719 2018 2770 et
2044 2731 2168 2786 spes
2194 2735 2208 2771 ε

676 2792 912 2848 dormiet
939 2794 996 2848 in
1023 2791 1216 2864 lucem,
1249 2799 1428 2850 scorto
1456 2800 1748 2867 postponet
1776 2794 2067 2851 honestum

677 2874 929 2944 officium,
961 2892 1212 2930 nummos
1239 2875 1443 2931 alienos
1472 2882 1671 2947 pascet,
1702 2876 1774 2932 ad
1802 2877 1976 2932 imum

677 2954 895 3011 Thraex
923 2957 1049 3025 erit,¹
1075 2961 1172 3011 aut
1200 2955 1451 3012 holitoris
1480 2963 1607 3028 aget
1635 2957 1883 3014 mercede
1912 2956 2225 3016 caballum.2

675 3055 934 3093 arcanum
962 3054 1135 3109 neque
1163 3042 1231 3092 tu
1257 3037 1587 3094 scrutaberis
1613 3038 1763 3095 illius
1791 3057 2068 3111 umquam,

676 3118 1129 3190 commissumque
1157 3124 1308 3190 teges
1336 3123 1393 3175 et
1421 3119 1552 3174 vino
1581 3124 1761 3177 tortus
1789 3125 1846 3177 et
1873 3121 1969 3176 ira.

675 3217 775 3255 nec
805 3204 900 3255 tua
927 3199 1176 3255 laudabis
1205 3199 1390 3255 studia
1418 3205 1518 3255 aut
1545 3200 1725 3258 aliena
1751 3200 2056 3274 reprendes,

675 3298 789 3351 nec,
823 3299 945 3336 cum
973 3281 1160 3337 venari
1189 3281 1337 3336 volet
1363 3281 1474 3352 ille,
1508 3287 1762 3353 poemata
1788 3284 2007 3354 pan'ges.

673 3363 853 3430 gratia
879 3363 955 3418 sic
983 3363 1219 3419 fratrum
1246 3363 1601 3433 geminorum,
1632 3362 1963 3435 Amphionis
1991 3368 2156 3436 atque

675 3442 851 3515 Zethi,
884 3443 1137 3513 dissiluit,
1173 3444 1343 3519 donec
1370 3449 1623 3515 suspecta
1650 3462 1838 3501 severo

673 3525 938 3581 conticuit
963 3525 1096 3598 lyra.
1183 3525 1440 3582 fraternis
1470 3525 1690 3581 cessisse
1718 3530 1951 3597 putatur

671 3605 915 3661 moribus
942 3607 1222 3680 Amphion
1245 3629 1257 3665 :
1302 3611 1366 3662 tu
1393 3605 1523 3662 cede
1551 3607 1793 3678 potentis
1820 3609 1985 3663 amici

670 3683 884 3741 lenibus
912 3687 1168 3760 imperiis,
1203 3689 1564 3759 quotiensque
1591 3687 1785 3744 educet
1812 3689 1871 3745 in
1899 3708 2056 3761 agros

671 3765 884 3823 Aetolis
914 3774 1136 3826 onerata
1161 3770 1338 3842 plagis
1365 3770 1613 3825 iumenta
1641 3787 1923 3843 canesque,

2477 867 2533 897 10

2478 1272 2530 1317 Ι5

2472 1681 2531 1710 20

2468 2494 2527 2538 30

2465 2899 2521 2945 35

2463 3309 2521 3351 40

2459 3711 2515 3756 45
