2792 4334
456 339 550 387 148

1174 338 1230 399 Q.
1266 338 1527 389 HORATI
1564 337 1805 390 FLACCI

690 474 897 532 nodosa
922 491 1114 547 corpus
1141 472 1281 529 nolis
1306 472 1594 545 prohibere
1621 473 1890 545 cheragra.

692 561 778 614 est
804 555 1042 630 quadam
1066 555 1282 627 prodire
1309 559 1485 627 tenUS,
1518 556 1566 610 si
1593 573 1701 612 non
1728 554 1894 611 datur
1918 553 2081 611 ultra.

691 639 868 696 fervet
897 637 1131 694 avaritia
1157 636 1461 706 miseroque
1488 637 1739 708 cupidine
1765 640 1993 709 pectus:

690 725 823 777 sunt
848 719 1018 776 verba
1044 722 1100 774 et
1127 735 1286 774 voces
1316 717 1514 788 quibus
1541 718 1690 774 hunc
1713 718 1882 775 lenire
1910 716 2150 774 dolorem

690 802 865 874 possis
893 806 951 857 et
978 816 1234 871 magnam
1259 799 1438 855 morbi
1465 799 1729 871 deponere
1756 804 1987 872 partem.

689 882 869 939 laudis
897 898 1077 938 amore
1105 885 1285 937 tumes
1308 902 1319 938 :
1363 885 1492 937 sunt
1520 886 1670 938 certa
1696 881 1925 953 piacula,
1958 897 2096 952 quae
2124 883 2180 935 te

690 969 778 1021 ter
804 981 937 1036 pure
964 962 1103 1018 lecto
1132 966 1393 1033 poterunt
1422 980 1658 1019 recreare
1682 961 1883 1019 libe110.

688 1045 923 1114 invidus
956 1043 1261 1115 iracundus,
1293 1044 1454 1114 iners,
1485 1044 1725 1115 vinosUS‚
1751 1048 1977 1114 amator,
2029 1110 2034 1115 .

667 1143 849 1183 ,nemo
877 1125 1013 1182 adeo
1039 1125 1187 1182 ferus
1215 1130 1314 1196 est,
1348 1130 1413 1181 ut
1441 1143 1549 1181 non
1577 1126 1857 1181 mitescere
1883 1125 2073 1196 possit,

688 1209 738 1264 si
764 1207 925 1264 modo
954 1207 1199 1263 culturae
1226 1208 1530 1279 patientem
1559 1206 1865 1262 commodet
1893 1223 2095 1262 aurem.

686 1290 867 1346 virtus
895 1293 981 1344 est
1007 1289 1208 1345 vitium
1235 1288 1440 1360 fugere,
1466 1292 1523 1344 et
1552 1288 1822 1360 sapientia
1846 1286 2025 1359 prima

688 1370 933 1427 stultitia
960 1371 1209 1426 caruisse.
1294 1369 1463 1438 vides,
1493 1387 1633 1441 quae
1658 1369 1898 1425 maxima
1924 1367 2098 1425 credis

688 1469 804 1508 esse
831 1451 993 1521 mala,
1024 1452 1282 1522 exiguum
1310 1469 1530 1507 censum
1559 1455 1881 1522 turpemque
1909 1448 2197 1521 repulsam,

688 1537 895 1605 quanto
924 1532 1136 1588 devites
1167 1532 1336 1588 animi
1365 1532 1665 1603 capitisque
1690 1531 1912 1605 labore3

687 1615 899 1687 inpiger
926 1618 1199 1670 extremos
1227 1614 1400 1669 curris
1426 1618 1692 1669 mercator
1719 1613 1791 1668 ad
1819 1612 2004 1684 Indos,

685 1714 785 1769 per
809 1713 960 1752 mare
985 1696 1301 1768 pauperiem
1329 1694 1559 1765 fugiens,
1590 1711 1685 1765 per
1713 1712 1858 1765 saxa,
1889 1712 1987 1766 per
2013 1694 2165 1765 ignes
2189 1711 2202 1747 τ

686 1795 758 1833 ne
784 1794 937 1834 cures
965 1795 1042 1848 ea,
1074 1794 1213 1849 quae
1235 1775 1410 1832 stulte
1435 1775 1651 1830 miraris
1677 1779 1733 1831 et
1762 1781 1933 1847 optas,

688 1858 892 1915 discere
921 1863 978 1915 et
1004 1858 1192 1914 audire
1221 1862 1277 1914 et
1306 1857 1518 1913 meliori
1545 1856 1759 1912 eredere
1786 1874 1895 1913 non
1922 1857 2044 1914 vis?

687 1940 812 2012 quis
840 1941 1041 1996 circum
1068 1957 1238 2012 pagos
1266 1943 1323 1994 et
1354 1939 1556 1994 circum
1585 1937 1822 2010 compita
1846 1955 2072 2009 pugnax

688 2039 888 2093 magna
916 2022 1162 2077 coronari
1189 2023 1505 2077 contemnat
1535 2019 1806 2092 Olympia,
1839 2019 1926 2074 cui
1953 2036 2090 2091 spes,

688 2103 778 2159 cui
803 2104 880 2158 sit
907 2102 1152 2158 condicio
1178 2101 1353 2157 dulcis
1380 2101 1498 2156 sinc
1525 2100 1749 2172 pulvere
1775 2100 2026 2172 palmae2

687 2183 853 2240 vilius
881 2187 1172 2255 argentum
1200 2187 1284 2239 est
1313 2200 1459 2252 aur0,
1490 2181 1795 2237 virtutibus
1821 2199 2031 2238 aurum.

660 2269 675 2296 ‘
692 2282 726 2321 o
754 2265 913 2336 cives,
946 2265 1106 2336 cives,
1142 2263 1450 2336 quaerenda
1477 2263 1708 2334 pecunia
1734 2263 1975 2335 primum
2002 2266 2121 2334 est,

688 2346 867 2403 virtus
893 2350 1019 2418 post
1045 2363 1300 2401 nummos
1323 2348 1335 2402 1
1356 2345 1369 2369 ⁷
1450 2345 1585 2401 haec
1612 2344 1780 2400 Ianus
1808 2361 2056 2400 summus
2082 2343 2153 2399 ab
2182 2343 2294 2398 imo

687 2427 963 2500 prodocet,
994 2427 1127 2484 haec
1155 2427 1408 2483 recinunt
1436 2426 1659 2482 iuvenes
1687 2425 1898 2481 dictata
1925 2442 2204 2497 senesque,

687 2507 843 2566 laevo
870 2509 1118 2580 suspensi
1146 2507 1352 2564 loculos
1381 2506 1736 2578 tabulamque
1762 2507 1979 2563 lacert0.

688 2595 777 2646 est
801 2590 1016 2646 animus
1042 2590 1165 2660 tibi,
1198 2594 1330 2646 sunt
1358 2606 1553 2659 mores,
1583 2593 1667 2645 est
1694 2588 1881 2659 lingua
1907 2588 2166 2660 fidesque,

688 2671 787 2728 sed
812 2671 1224 2743 quadringentis
1252 2689 1350 2727 sex
1371 2676 1583 2742 septem
1610 2669 1764 2725 milia
1791 2669 2023 2726 desunt:

688 2752 843 2825 plebs
871 2753 991 2809 eris.
1077 2756 1139 2808 at
1166 2753 1321 2824 pueri
1349 2750 1603 2807 ludentes
1635 2754 1649 2781 ‘
1664 2769 1762 2807 rex
1789 2751 1893 2806 eris
1911 2750 1925 2776 '
1953 2751 2109 2807 aiunt

658 2837 674 2864 ⁴
690 2833 740 2890 si
765 2838 911 2890 recte
940 2833 1139 2890 facies!
1220 2833 1310 2889 hic
1338 2850 1528 2888 murus
1558 2850 1756 2889 aeneus
1784 2837 1917 2903 est0,

688 2914 770 2970 nil
796 2915 1030 2971 conscire
1058 2914 1180 2986 sibi,
1212 2914 1367 2969 nulla
1395 2913 1685 2986 pallescere
1713 2913 1886 2985 culpa.

690 2996 903 3067 Roscia,
936 2996 1022 3052 dic
1048 2995 1220 3067 sodes,
1252 2994 1446 3051 melior
1471 2994 1563 3050 lex
1590 3013 1659 3051 an
1687 3012 1976 3067 puerorum
2004 2998 2090 3050 est

688 3077 864 3149 nenia,
897 3095 1036 3149 quae
1064 3094 1294 3148 regnum
1321 3080 1465 3132 recte
1492 3075 1819 3132 facientibus
1847 3075 2022 3145 offert,

689 3161 749 3215 et
774 3158 1015 3214 maribus
1044 3157 1226 3215 Curiis
1254 3162 1312 3214 et
1340 3155 1633 3213 decantata
1661 3155 1945 3213 Camillis?

688 3240 805 3296 isne
834 3239 940 3296 tibi
966 3240 1163 3296 melius
1191 3238 1402 3307 suadet,
1434 3239 1531 3309 qui
1560 3256 1675 3294 rem
1701 3237 1885 3308 faciaS,
1918 3254 2049 3308 rem,

688 3320 739 3377 si
765 3321 955 3393 possiS‚
988 3325 1148 3393 recte,
1181 3321 1229 3376 si
1255 3337 1382 3389 non,
1416 3336 1756 3390 quocumque
1785 3317 1945 3374 modo
1972 3336 2103 3385 rem,

689 3406 757 3458 ut
782 3403 1002 3475 propius
1028 3406 1240 3474 spectes
1267 3401 1556 3456 lacrimosa
1582 3403 1835 3472 poemata
1861 3399 2020 3471 Pupi,

689 3501 761 3539 an
787 3484 883 3554 qui
911 3484 1187 3540 Fortunae
1215 3488 1272 3539 te
1300 3498 1616 3553 responsare
1642 3480 1907 3552 superbae

689 3563 922 3621 liberum
952 3570 1007 3622 et
1034 3570 1277 3622 erectum
1306 3580 1561 3635 praesens
1587 3562 1841 3617 hortatur
1868 3566 1925 3617 et
1953 3563 2147 3634 aptat?

690 3645 886 3716 quodsi
912 3665 1000 3703 me
1026 3646 1260 3718 populus
1290 3645 1572 3700 Romanus
1600 3642 1741 3698 forte
1769 3648 1938 3716 roget,
1971 3662 2066 3700 cur

689 3744 798 3782 non
827 3731 892 3782 ut
920 3729 1220 3799 porticibus
1248 3728 1328 3782 sic
1355 3725 1570 3781 iudiciis
1597 3724 1747 3780 fruar
1772 3725 1960 3796 isdem,

690 3825 791 3864 nec
817 3826 1011 3881 sequar
1037 3814 1138 3866 aut
1164 3808 1372 3881 fugiam
1401 3824 1540 3878 quae
1569 3805 1750 3877 diligit
1778 3807 1892 3878 ipse
1920 3807 2010 3864 vel
2037 3807 2169 3877 odit,

2474 818 2531 865 35

2473 1228 2534 1271 40

2474 1632 2532 1678 45

2477 2038 2536 2085 50

2475 2444 2533 2491 55

2477 3667 2540 3709 70
