2792 4334
893 297 1381 351 EPISTULARUM
1419 302 1549 353 LIB.
1590 304 1661 352 ΙΙ.
1699 305 1724 351 1

498 448 668 501 saepe
697 432 867 488 etiam
892 432 1157 489 audacem
1184 434 1348 507 fugat
1374 436 1481 494 hoc
1507 442 1787 508 terretque
1814 443 2052 511 poetam,

499 511 652 584 quod
681 531 908 569 numero
932 514 1133 586 plures,
1161 517 1375 574 virtute
1403 524 1461 575 et
1490 518 1693 576 honore
1721 519 1972 591 1111110168,

496 593 715 650 indocti
740 594 1037 667 stolidique
1065 601 1123 653 et
1149 596 1465 672 depugnare
1491 601 1674 673 parati

496 676 548 731 si
574 674 854 733 discordet
882 694 1065 748 eques,
1097 679 1280 736 media
1308 681 1456 738 inter
1482 683 1724 738 carmina
1751 688 1983 754 poscunt

496 760 599 813 aut
631 774 822 814 ursum
852 763 950 814 aut
977 760 1192 830 pugiles
1215 782 1228 819 :
1273 761 1360 818 his
1388 781 1521 820 nam
1546 764 1834 835 plebecula
1859 765 2080 835 gaudet.

497 855 698 894 verum
726 840 929 910 equitis
956 858 1174 913 quoque
1201 842 1316 899 iam
1344 844 1609 916 migravit
1636 845 1710 902 ab
1737 864 1867 902 aure
1894 846 2152 918 voluptas

497 919 684 975 omnis
712 919 783 976 ad
809 921 1049 978 incertos
1078 923 1263 980 oculos
1292 929 1350 981 et
1375 926 1578 997 gaudia
1603 945 1765 984 vana.

496 1005 770 1071 quattuor
796 1007 895 1059 aut
921 1001 1108 1075 plures
1136 1004 1331 1062 aulaea
1357 1012 1688 1078 premuntur
1714 1008 1770 1063 in
1802 1007 1979 1079 horas,

495 1081 637 1137 dum
664 1082 889 1154 fugiunt
915 1085 1170 1156 equitum
1196 1091 1416 1143 turmae
1444 1088 1806 1161 peditumque
1837 1094 2088 1147 catervae
2107 1111 2124 1162 3

494 1180 632 1219 mox
658 1163 902 1220 trahitur
927 1166 1184 1223 manibus
1212 1185 1405 1239 regum
1433 1169 1659 1226 fortuna
1686 1172 1926 1243 retortis,

493 1243 694 1300 esseda
719 1244 1004 1318 festinant,
1037 1247 1263 1321 pilenta,
1296 1250 1577 1322 petorrita,
1611 1269 1797 1323 naves,

494 1325 785 1398 captivum
812 1331 1068 1399 portatur
1095 1329 1247 1401 ebur,
1281 1332 1504 1403 captiva
1531 1331 1852 1390 Corinthus,

493 1406 543 1462 si
571 1407 719 1463 foret
746 1408 805 1463 in
834 1409 1011 1481 terris,
1044 1410 1249 1467 rideret
1276 1411 1645 1484 Democritus,
1678 1432 1779 1471 seu

492 1487 779 1544 diversum
807 1490 1036 1546 confusa
1060 1509 1234 1563 genus
1262 1493 1534 1565 panthera
1558 1494 1770 1551 camelo

493 1569 616 1625 sive
646 1569 908 1642 elephans
936 1571 1098 1629 albus
1124 1572 1282 1645 vulgi
1310 1580 1656 1632 converteret
1685 1595 1813 1634 ora:

492 1654 775 1722 spectaret
802 1652 1068 1724 populum
1097 1653 1243 1710 ludis
1272 1657 1544 1713 attentius
1570 1658 1724 1729 ipsis,

492 1735 561 1787 ut
587 1731 701 1787 sibi
728 1733 1083 1804 praebentem
1111 1736 1284 1792 nimio
1311 1737 1627 1809 spectacula
1654 1738 1829 1810 plura,

493 1813 794 1883 scriptores
821 1819 1012 1871 autem
1040 1834 1261 1874 narrare
1290 1824 1517 1890 putaret
1541 1818 1712 1876 asello

492 1893 760 1950 fabellam
787 1896 969 1954 surd0.
1058 1915 1186 1953 nam
1214 1916 1355 1970 quae
1381 1901 1700 1973 pervincere
1726 1918 1888 1958 voces

494 1974 755 2032 evaluere
781 1994 994 2049 sonum,
1029 1978 1276 2036 referunt
1304 1998 1471 2052 quem
1498 1986 1690 2038 nostra
1718 1983 1975 2039 theatra2

493 2056 821 2128 Garganum
847 2060 1059 2131 mugire
1087 2065 1250 2132 putes
1278 2080 1474 2118 nemus
1502 2068 1599 2119 aut
1627 2081 1778 2119 mare
1807 2064 2064 2135 Tuscum,

492 2142 660 2194 161110
688 2156 816 2195 611111
843 2141 1083 2213 strepitu
1109 2140 1229 2198 ludi
1257 2148 1581 2215 spectantur
1608 2149 1667 2200 et
1696 2148 1843 2200 artes

492 2219 838 2292 divitiaeque
864 2222 1198 2294 peregrinae,
1232 2224 1436 2294 quibus
1465 2224 1674 2281 oblitus
1701 2230 1856 2281 actor

492 2318 624 2356 cum
653 2302 817 2357 stetit
844 2303 901 2358 in
928 2320 1139 2374 scaena,
1173 2307 1453 2363 concurrit
1481 2306 1711 2363 dextera
1737 2305 1940 2365 laevae.

456 2379 471 2407 ⁶
491 2381 645 2438 dixit
672 2382 854 2439 adhuc
880 2382 1094 2455 aliquid
1111 2385 1156 2442 ’ζ’
1194 2388 1209 2415 ‘
1227 2385 1309 2442 nil
1336 2387 1505 2444 sane.'
1591 2389 1606 2416 ‘
1623 2388 1760 2460 quid
1786 2388 1968 2459 placet
1998 2407 2125 2460 ergo
2143 2390 2163 2445 ’ἐ
2183 2390 2196 2414 ²

457 2461 626 2518 ‘lana
653 2463 955 2521 Tarentino
982 2465 1157 2522 violas
1185 2468 1411 2525 imitata
1437 2469 1688 2525 venen0.'

491 2561 557 2600 ac
584 2561 657 2600 ne
684 2544 829 2602 forte
857 2550 1021 2619 putes
1047 2565 1149 2619 me,
1184 2567 1326 2621 quae
1354 2549 1532 2606 facere
1559 2549 1680 2622 ipse
1706 2568 1969 2622 recusem,

492 2643 624 2681 cum
651 2630 799 2682 recte
828 2631 1074 2685 tractent
1099 2628 1211 2700 alii,
1245 2629 1472 2687 laudare
1499 2631 1776 2703 maligne:

491 2705 589 2762 ille
621 2724 718 2778 per
744 2712 1034 2765 extentum
1062 2710 1255 2767 funem
1282 2711 1423 2769 mihi
1449 2730 1609 2785 posse
1636 2712 1859 2769 videtur

490 2788 572 2843 ire
602 2792 785 2860 poeta,
818 2806 1003 2845 meum
1031 2792 1127 2862 qui
1155 2797 1349 2863 pectus
1375 2792 1617 2850 inaniter
1644 2794 1814 2865 angit,

491 2869 710 2940 inritat,
743 2870 964 2941 mulcet,
996 2871 1151 2928 falsis
1182 2874 1487 2930 terroribus
1512 2874 1692 2946 inplet

492 2955 560 3006 ut
588 2968 804 3022 magus,
838 2956 895 3007 et
921 2952 1088 3008 modo
1115 2972 1203 3009 me
1234 2953 1441 3011 Thebis
1469 2956 1633 3012 modo
1662 2956 1819 3028 ponit
1848 2955 2103 3013 Athenis.

492 3048 693 3087 verum
719 3050 822 3103 age
848 3037 906 3089 61
931 3033 1038 3104 1118,
1070 3036 1165 3107 qui
1194 3053 1255 3091 se
1282 3034 1478 3092 lectori
1503 3037 1721 3094 credere
1748 3036 1966 3093 malunt

493 3130 669 3184 quam
696 3115 1023 3186 spectatoris
1050 3116 1279 3172 fastidia
1305 3117 1447 3174 ferre
1475 3118 1713 3190 superbi,

493 3210 689 3250 curam
714 3194 881 3252 redde
908 3195 1147 3267 brevem,
1180 3198 1231 3254 si
1258 3216 1462 3255 munus
1489 3199 1749 3271 Apolline
1776 3199 2008 3271 dignum

492 3274 581 3330 vis
612 3275 883 3348 complere
910 3276 1071 3334 libris
1097 3283 1154 3336 et
1180 3279 1410 3336 vatibus
1438 3280 1640 3337 addere
1669 3280 1861 3351 calcar,

493 3360 562 3411 ut
590 3357 780 3413 studio
806 3358 1012 3416 maiore
1039 3364 1237 3432 petant
1265 3361 1537 3417 Helicona
1563 3363 1853 3419 virentem.

493 3437 682 3493 multa
707 3438 930 3510 quidem
958 3440 1119 3498 uobis
1144 3441 1380 3499 facimus
1410 3442 1557 3499 mala
1582 3461 1746 3515 saepe
1774 3446 2069 3515 poetae,—

493 3522 561 3574 ut
589 3518 785 3576 vineta
811 3526 1028 3593 egomet
1056 3523 1280 3579 caedam
1308 3541 1661 3595 mea,—cum
1688 3524 1796 3580 tibi
1821 3524 2027 3580 librum

494 3600 737 3658 sollicito
765 3601 962 3659 damus
989 3609 1091 3661 aut
1117 3605 1299 3678 fess03
1339 3623 1465 3662 curn
1496 3605 1780 3677 laedimur,
1812 3624 1985 3661 unum

493 3680 544 3737 si
572 3682 701 3755 quis
728 3684 1029 3741 amicorum
1057 3691 1142 3743 est
1169 3705 1339 3744 ausus
1365 3687 1764 3760 reprehendere
1790 3705 2011 3743 versum
2033 3709 2048 3758 ;

494 3781 624 3819 cum
652 3763 772 3821 loca
799 3766 909 3822 iam
936 3767 1172 3825 recitata
1198 3768 1537 3826 revolvimus
1562 3769 1900 3842 inrevocati3

1287 3872 1330 3916 N

2267 309 2354 362 177

2278 701 2359 756 185

2278 1118 2360 1161 190

2276 1521 2357 1567 195

2272 1928 2358 1959 200

2269 2739 2357 2769 210

2269 3141 2353 3188 215

2269 3550 2356 3581 220
