2792 4334
929 308 1323 363 SERMONUM
1357 315 1488 367 LIB.
1528 317 1599 367 ΙΙ.
1641 320 1670 365 3
2251 327 2345 379 133

406 437 757 511 Chrysippus
784 443 942 514 ponit
968 443 1205 502 fecunda
1232 447 1293 503 in
1319 455 1483 520 gente
1512 451 1749 507 Meneni.

369 522 384 548 ‘
404 518 681 592 Iuppiter,
714 523 964 594 ingentes
991 526 1088 596 qui
1117 527 1216 583 das
1243 529 1553 603 adimisque
1581 531 1827 603 dolores,'

401 605 584 656 mater
610 601 698 659 ait
725 605 880 675 pueri
906 623 1122 664 menses
1149 609 1261 664 iam
1290 612 1534 684 quinque
1563 614 1829 685 cubantiS,

366 683 381 710 ‘
401 681 606 754 frigida
636 684 686 738 si
712 700 943 756 puerum
972 694 1248 758 quartana
1275 692 1577 766 reliquerit,
1610 694 1707 750 illo
2257 727 2346 770 290

400 780 565 819 mane
591 762 701 836 die,
734 782 843 836 quo
865 772 930 821 tu
956 768 1157 826 indicis
1186 772 1406 845 ieiunia,
1438 776 1621 831 nudus

397 843 458 898 in
486 844 678 899 Tiberi
706 846 916 904 stabit.’
998 867 1158 907 casus
1186 853 1500 911 medicusve
1528 856 1726 913 levarit

397 941 629 995 aegrum
658 944 730 982 ex
756 930 1041 1001 praecipiti
1062 952 1077 1002 3
1120 939 1300 990 mater
1327 935 1500 992 delira
1528 938 1746 994 necabit

396 1004 456 1060 in
482 1005 671 1077 gelida
697 1007 871 1065 fixum
899 1011 1019 1083 ripa
1046 1013 1366 1087 febremque
1393 1016 1634 1075 reducet.

396 1103 577 1158 quone
606 1089 756 1145 malo
784 1096 1028 1147 mentem
1058 1097 1359 1154 concussa?
1438 1099 1639 1155 timore
1665 1099 1945 1158 deorum.''
2254 1128 2342 1175 295

395 1165 529 1223 haec
557 1168 701 1224 mihi
731 1169 1047 1245 Stertinius,
1079 1176 1396 1247 sapientum
1424 1185 1669 1251 octavus,
1701 1182 1879 1238 amico

394 1265 551 1304 arma
576 1248 751 1322 dedit,
783 1253 1013 1323 posthac
1041 1273 1112 1312 ne
1140 1258 1493 1329 compellarer
1518 1261 1747 1318 inultus

392 1328 598 1385 dixerit
630 1330 887 1389 insanum
914 1336 1011 1406 qui
1038 1354 1145 1407 me,
1176 1338 1412 1395 totidem
1440 1341 1632 1398 audiet
1657 1348 1825 1415 atque

392 1411 664 1482 respicere
692 1412 883 1485 ignoto
911 1416 1087 1473 discet
1115 1419 1416 1490 pendentia
1443 1423 1635 1493 tergo!

356 1493 371 1519 ‘
392 1489 592 1563 Stoice,
629 1499 757 1564 post
785 1495 1050 1553 damnum
1078 1500 1158 1555 sic
1184 1501 1394 1558 vendas
1423 1504 1609 1560 omnia
1634 1505 1824 1576 pluriS,
2251 1536 2340 1580 300

390 1589 503 1645 qua
530 1591 622 1629 me
651 1575 912 1646 stultitia,
944 1581 1207 1649 quoniam
1234 1600 1344 1638 non
1373 1589 1458 1640 est
1487 1603 1663 1656 genus
1689 1605 1876 1657 unum,

389 1653 636 1710 insanire
662 1661 830 1727 putas
853 1660 875 1713 2
954 1677 1055 1731 ego
1084 1679 1214 1717 nam
1243 1663 1434 1720 videor
1461 1666 1601 1721 mihi
1631 1669 1832 1724 sanus,²

356 1738 371 1764 ‘
392 1734 528 1806 quid
550 1735 571 1792 ’Ζ
654 1743 823 1809 caput
850 1739 1155 1798 abscissum
1185 1745 1441 1802 manibus
1471 1765 1598 1803 cum
1627 1754 1814 1819 portat
1840 1748 2033 1822 Agave

389 1816 511 1872 nati
538 1816 794 1890 infelicis,
828 1820 934 1877 sibi
964 1827 1099 1879 tunc
1128 1823 1336 1882 furiosa
1361 1827 1586 1883 videtur
1603 1829 1650 1885 ’ζ’

355 1898 370 1926 ‘
388 1896 634 1953 stultum
662 1917 750 1956 me
779 1900 1205 1961 fateor—liceat
1233 1908 1526 1965 concedere
1555 1911 1780 1967 veris—
2249 1938 2336 1985 305

387 1982 559 2051 atque
587 1981 761 2037 etiam
787 1983 1046 2040 insanum
1064 2007 1082 2058 3
1127 1991 1351 2044 tantum
1378 1989 1482 2046 hoc
1509 1990 1759 2063 edissere,
1794 2011 1902 2064 quo
1930 2013 2019 2051 me

386 2066 677 2130 aegrotare
704 2067 869 2133 putes
896 2067 1069 2121 animi
1098 2068 1274 2125 vitio!
1364 2072 1377 2098 ‘
1394 2072 1577 2143 accipe
1600 2095 1611 2129 ε
1655 2073 1896 2143 primum

386 2141 663 2215 aedificas,
696 2142 799 2200 hoc
827 2151 913 2202 est
940 2146 1133 2219 longos
1163 2149 1418 2223 imitaris,
1450 2152 1523 2208 ab
1550 2154 1662 2209 imo

385 2221 458 2277 ad
485 2227 771 2280 summum
799 2230 954 2283 totus
978 2229 1193 2285 moduli
1220 2230 1527 2303 bipedalis:
1572 2240 1630 2291 et
1657 2234 1803 2292 idem

385 2320 610 2375 corpore
639 2306 903 2363 maiorem
930 2308 1076 2365 rides
1108 2310 1380 2369 Turbonis
1409 2314 1466 2369 in
1496 2316 1665 2371 armis
2245 2346 2335 2390 310

383 2385 648 2456 spiritum
675 2391 735 2443 et
760 2387 1034 2446 incessum
1058 2412 1069 2447 ε
1116 2393 1212 2462 qui
1238 2393 1505 2451 ridiculus
1533 2397 1716 2453 minus
1744 2397 1878 2455 illo‘l

382 2483 455 2521 an
484 2467 873 2540 quodcumque
899 2470 1034 2526 facit
1063 2471 1375 2546 Maecenas,
1407 2481 1464 2532 te
1492 2494 1709 2549 quoque
1738 2496 1932 2535 verum
1958 2485 2060 2551 est,

383 2550 609 2604 tantum
640 2549 981 2623 dissimilem,
1013 2557 1073 2608 et
1102 2558 1262 2611 tanto
1290 2561 1498 2613 certare
1527 2559 1835 2617 minorem?

382 2627 631 2685 absentis
657 2648 825 2687 ranae
852 2632 1019 2704 pullis
1047 2635 1217 2691 vituli
1243 2637 1384 2708 pede
1410 2641 1613 2709 pressis

381 2726 527 2765 unus
556 2710 655 2766 ubi
683 2711 896 2784 effugit,
925 2715 1096 2771 matri
1125 2715 1384 2775 denarrat
1411 2723 1477 2775 ut
1505 2721 1697 2792 ingens
2241 2747 2329 2794 315

382 2788 547 2846 belua
574 2797 839 2863 cognatos
867 2793 1089 2853 eliserit.
1181 2797 1279 2854 illa
1306 2817 1496 2871 rogare
1524 2822 1536 2857 :

347 2872 363 2898 ‘
383 2874 707 2941 quantane'l
746 2893 884 2931 num
914 2878 1176 2949 tantum,'
1208 2879 1434 2936 sufflans
1464 2900 1538 2954 se,
1577 2887 1592 2913 ‘
1611 2902 1813 2956 magna
1840 2884 2037 2941 fuisset
2055 2887 2075 2941 2
2093 2886 2106 2911 '

346 2951 362 2978 ‘
383 2952 558 3008 maior
584 2953 855 3013 dimidjoss
948 2960 1118 3014 ‘num
1149 2964 1374 3017 tantum
1396 2962 1448 3019 ’ζ’
1532 2982 1654 3020 cum
1686 2966 1865 3037 magis
1894 2971 2062 3038 atque

380 3049 440 3088 se
466 3035 646 3106 magis
674 3036 912 3107 inflaret,
952 3041 1109 3110 ‘non,
1140 3041 1188 3097 si
1219 3046 1277 3098 te
1306 3045 1555 3115 ruperiS,'
1584 3047 1780 3118 inquit,

348 3114 364 3141 ‘
383 3131 482 3184 par
511 3117 658 3172 eris?
744 3117 880 3175 haec
907 3137 942 3175 a
970 3124 1027 3176 te
1054 3139 1168 3177 non
1194 3123 1440 3180 multum
1468 3125 1687 3182 abludit
1713 3129 1910 3199 imagO.
2241 3153 2329 3197 320

379 3193 522 3252 adde
550 3203 812 3269 poemata
842 3218 1001 3272 nunc,
1035 3200 1138 3259 hoc
1167 3208 1267 3275 est,
1301 3205 1483 3262 oleum
1511 3208 1652 3265 a'dde
1682 3209 1896 3265 camino
1923 3231 1935 3265 :

380 3293 522 3348 quae
551 3279 599 3334 si
631 3280 757 3351 quis
785 3298 955 3338 sanus
981 3283 1132 3352 fecit,
1165 3303 1334 3342 sanus
1362 3287 1499 3344 facis
1528 3294 1586 3345 et
1613 3294 1693 3347 tn.

379 3375 491 3413 non
519 3358 644 3417 dico
675 3360 1006 3419 horrendam
1034 3365 1280 3424 rabiem.'
1369 3369 1512 3425 ‘iam
1543 3370 1728 3428 desine
1754 3371 1798 3426 1'
1888 3374 1903 3400 ‘
1921 3371 2132 3427 cultum

379 3439 645 3497 maiorem
675 3443 877 3500 censu.'
964 3446 980 3472 ‘
994 3449 1200 3517 teneas,
1232 3447 1587 3523 Damasippe,
1622 3452 1734 3508 tuis
1763 3456 1834 3508 te.

377 3537 411 3575 o
439 3522 630 3593 maior,
663 3523 892 3580 tandem
919 3543 1127 3598 parcas,
1158 3527 1367 3602 insane,
1400 3532 1600 3589 minori
1623 3536 1632 3589 !
1653 3533 1667 3558 '
2237 3547 2326 3604 326
