2792 4334
923 299 1412 351 EPISTULARUM
1449 300 1576 351 LIB.
1615 298 1653 348 Ι.
1699 302 1727 348 3

508 435 665 509 quod
691 435 828 492 satis
854 440 941 491 est
968 434 1060 490 cui
1088 435 1378 507 contingit,
1412 433 1552 490 nihil
1578 431 1815 504 amplius
1846 438 2013 505 optet.

508 536 626 574 non
655 516 849 572 domus
877 521 935 572 et
960 515 1182 588 fundus,
1215 535 1329 573 non
1357 517 1498 573 aeris
1526 532 1753 571 acervus
1781 519 1840 570 et
1867 516 1986 570 auri

510 602 743 670 aegroto
769 596 977 653 domini
1006 596 1239 654 deduxit
1268 615 1492 670 corpore
1518 597 1714 667 febres,‚

508 698 629 736 non
656 679 837 734 animo
866 695 1023 734 curas
1050 700 1062 736 :
1105 677 1292 735 valeat
1320 696 1598 750 possessor
1625 681 1857 749 oportet,

508 763 560 819 si
587 761 947 832 comportatis
973 759 1138 816 rebus
1166 759 1308 816 bene
1335 761 1545 832 cogitat
1570 759 1672 816 uti.

509 844 611 915 qui
642 841 793 913 cupit
822 846 922 896 aut
948 841 1167 912 metuit,
1198 841 1360 897 iuvat
1388 840 1548 897 illum
1576 841 1655 897 sic
1685 841 1881 897 domus
1907 845 1964 897 et
1993 859 2094 914 res,

510 929 576 981 ut
604 921 822 994 lippum
848 922 1030 993 pictae
1057 921 1300 992 tabulae,
1331 922 1578 979 fomenta
1604 922 1918 995 podagram,

508 1002 789 1061 auriculas
818 1003 1064 1059 citharae
1092 1003 1325 1060 collecta
1351 1004 1512 1060 sorde
1540 1002 1803 1062 dolentes

507 1087 789 1143 sincerum
817 1089 905 1141 est
930 1085 1040 1141 nisi
1067 1102 1178 1156 vas,
1212 1084 1597 1157 quodcumque
1625 1084 1873 1141 infundis
1899 1086 2112 1143 acescit.

508 1183 712 1240 sperne
738 1165 1092 1238 voluptates:
1134 1171 1298 1222 nocet
1326 1170 1515 1238 empta
1541 1164 1726 1222 dolore
1753 1165 2026 1238 voluptas.

509 1265 732 1320 semper
757 1265 958 1303 avarus
986 1253 1113 1319 eget
1139 1268 1152 1305 t
1195 1252 1412 1303 certum
1439 1252 1572 1303 voto
1600 1250 1727 1319 pete
1755 1247 1935 1304 finem.

508 1328 739 1386 invidus
765 1327 996 1385 alterius
1022 1329 1313 1384 macrescit
1340 1328 1506 1385 rebus
1534 1328 1732 1400 opimis
1751 1349 1769 1400 ;

508 1409 731 1467 invidia
757 1408 931 1467 Siculi
956 1427 1070 1466 non
1097 1410 1355 1467 invenere
1385 1409 1609 1481 tyranni

509 1491 697 1549 maius
726 1495 1080 1547 tormentum.
1162 1492 1259 1563 qui
1286 1509 1397 1548 non
1424 1491 1801 1548 moderabitur
1828 1491 1954 1561 irae,

508 1573 785 1630 infectum
814 1573 966 1629 volet
993 1590 1126 1644 esse,
1161 1571 1318 1629 dolor
1344 1571 1495 1644 quod
1520 1573 1755 1629 suaserit
1783 1577 1843 1628 et
1869 1590 2041 1645 mens,

510 1655 652 1711 dum
677 1671 882 1727 poenas
909 1654 1035 1710 odio
1061 1671 1158 1726 per
1183 1654 1303 1710 vim
1330 1653 1561 1710 festinat
1588 1653 1783 1710 inulto,

509 1737 597 1793 ira
628 1735 780 1791 furor
806 1735 990 1792 brevis
1019 1739 1140 1792 est:
1183 1736 1432 1791 animum
1453 1753 1580 1807 rege
1603 1755 1621 1806 3
1664 1735 1758 1805 qui
1787 1735 1896 1790 nisi
1922 1739 2098 1807 paret,

509 1819 756 1889 imperat
779 1838 792 1874 :
836 1816 983 1873 hunc
1011 1816 1195 1888 freniS,
1231 1816 1380 1872 hunc
1408 1821 1473 1872 tu
1500 1833 1779 1889 compesce
1808 1821 2018 1873 catena.

510 1899 681 1970 fingit
709 1916 913 1971 equum
941 1902 1131 1954 tenera
1158 1897 1393 1954 docilem
1422 1897 1632 1954 cervice
1660 1897 1924 1968 magister

510 1981 592 2037 ire
622 1981 774 2036 viam
800 1997 913 2053 qua
940 1983 1210 2035 monstret
1239 1996 1405 2050 eques
1424 1999 1442 2050 3
1483 1979 1781 2050 venaticus,
1815 1997 1884 2035 ex
1911 1997 2021 2051 quo

511 2066 765 2133 tempore
791 2060 1071 2117 cervinam
1098 2059 1299 2133 pellem
1325 2060 1556 2116 latravit
1584 2060 1643 2115 in
1671 2059 1814 2132 aula,

511 2142 730 2199 militat
756 2143 817 2198 in
843 2140 1001 2199 silvis
1030 2141 1261 2198 catulus.
1347 2159 1498 2197 nunc
1525 2140 1725 2197 adbibe
1751 2159 1890 2213 puro

511 2227 740 2297 pectore
765 2222 936 2279 verba
962 2240 1114 2295 puer,
1145 2240 1293 2278 nunc
1321 2226 1377 2278 te
1405 2221 1724 2278 melioribus
1751 2223 1896 2278 offer.

513 2322 630 2377 quo
656 2303 826 2361 semel
852 2309 938 2360 est
963 2303 1163 2359 inbuta
1187 2320 1392 2375 recens,
1425 2303 1672 2359 servabit
1700 2303 1919 2358 odorem

513 2389 669 2442 testa
695 2385 807 2442 diu.
894 2384 1092 2456 quodsi
1117 2402 1299 2440 cessas
1325 2388 1425 2440 aut
1453 2388 1712 2440 strenuus
1739 2385 1931 2454 anteis,

513 2485 620 2524 nec
649 2466 871 2524 tardum
900 2465 1151 2538 opperior
1177 2482 1278 2522 nec
1305 2464 1759 2537 praecedentibus
1787 2465 1947 2521 insto,

1274 2662 1370 2718 III

515 2784 634 2841 Iuli
663 2783 838 2856 Flore,
873 2783 1075 2855 quibus
1102 2788 1375 2839 terrarum
1404 2781 1610 2838 militet
1637 2782 1746 2838 oris

517 2864 790 2923 Claudius
819 2863 1065 2936 Augusti
1094 2864 1395 2935 privignus,
1430 2863 1568 2919 scire
1594 2862 1799 2919 laboro,

516 2946 806 3003 Thracane
834 2963 932 3001 vos
962 2945 1299 3016 Hebrusque
1325 2944 1500 3000 nivali
1527 2944 1786 3017 compede
1814 2944 2050 3015 vinctus,

516 3046 589 3084 an
620 3028 764 3084 freta
789 3027 1003 3083 vicinas
1030 3027 1177 3082 inter
1204 3025 1484 3081 currentia
1509 3028 1703 3096 turres,

515 3127 588 3165 an
620 3109 853 3181 pingues
881 3107 1050 3164 Asiae
1079 3107 1259 3179 campi
1288 3106 1560 3178 collesque
1588 3106 1912 3163 morantur?

517 3190 659 3263 quid
685 3188 937 3246 studiosa
962 3188 1156 3244 cohors
1183 3204 1413 3259 operum
1439 3186 1648 3244 struit?
1729 3187 1833 3242 hoc
1861 3204 2078 3258 quoque
2105 3204 2248 3243 curo,

516 3273 648 3343 quis
676 3270 783 3327 sibi
810 3287 900 3327 res
924 3276 1111 3342 gestas
1137 3268 1384 3340 Augusti
1411 3267 1647 3324 scribere
1675 3267 1886 3324 sumit?

515 3352 672 3410 bella
697 3352 821 3424 quis
847 3355 906 3407 et
933 3367 1096 3422 paces
1122 3349 1350 3421 longum
1379 3349 1646 3405 diffundit
1673 3349 1732 3404 in
1759 3348 1997 3404 aevum?

515 3432 661 3505 quid
687 3432 885 3502 Titius,
915 3431 1168 3488 Romana
1191 3430 1351 3487 brevi
1378 3434 1652 3485 venturus
1679 3430 1737 3485 in
1766 3447 1874 3500 ora,

519 3513 807 3570 Pindarici
833 3513 1007 3569 fontis
1035 3512 1134 3584 qui
1159 3529 1272 3567 non
1300 3509 1571 3584 expalluit
1599 3510 1850 3580 haustus,

518 3594 774 3652 fastidire
801 3593 954 3650 lacus
981 3598 1039 3651 et
1068 3594 1215 3649 rivos
1243 3610 1410 3648 ausus
1439 3592 1697 3664 apertos?

517 3681 584 3733 ut
615 3675 805 3733 valet?
885 3679 950 3731 ut
976 3674 1234 3732 meminit
1261 3673 1476 3730 nostri‘l
1555 3672 1830 3729 fidibusne
1857 3672 2075 3730 Latinis

520 3757 817 3816 Thebanos
843 3761 1035 3828 aptare
1063 3756 1257 3813 modos
1283 3755 1476 3812 studet
1502 3755 1722 3827 auspice
1749 3754 1927 3826 Musa,

2274 305 2364 355 151

2312 785 2371 831 50

2315 1189 2370 1236 55

2317 2409 2376 2450 70

2321 3536 2377 3567 10
