2792 4334
450 276 544 322 162

1175 280 1230 338 Q.
1275 279 1537 330 HORATI
1564 281 1805 332 FLACOI

690 409 938 468 Caesaris
957 432 974 483 3
1018 419 1201 469 oratus
1229 414 1409 470 multa
1437 434 1611 488 prece,
1644 419 1819 474 nitere
1846 436 2022 490 porr0.

687 493 842 564 vade,
876 494 1000 551 vale
1018 514 1035 566 3
1076 512 1206 552 cave
1234 513 1302 551 ne
1331 497 1542 554 titubes
1569 500 1940 572 mandataque
1969 500 2203 572 frangas.

1406 695 1552 752 XIV

687 812 865 870 Vilice
894 812 1157 870 silvarum
1186 818 1243 870 et
1270 814 1410 870 mihi
1437 834 1526 872 me
1554 817 1834 875 reddentis
1863 819 2042 892 agelli,

687 912 850 966 quem
881 900 945 951 tu
972 894 1189 951 fastidis
1218 895 1536 953 habitatum
1564 900 1806 971 quinque
1832 900 1969 957 focis
1998 905 2053 957 et

688 977 932 1048 quinque
960 975 1130 1032 bonos
1159 977 1384 1033 solitum
1412 978 1641 1035 Variam
1670 980 1952 1038 dimittere
1980 987 2178 1054 patres,

688 1062 973 1127 certemUS‚
1007 1059 1191 1129 spinas
1219 1059 1473 1116 animone
1502 1079 1600 1132 ego
1628 1061 1826 1118 fortius
1855 1081 1926 1119 an
1954 1068 2019 1120 tu

687 1137 890 1194 evellas
916 1156 1062 1209 agro,
1094 1144 1151 1196 et
1178 1139 1370 1197 melior
1395 1142 1473 1196 sit
1503 1142 1769 1198 Horatius
1795 1161 1866 1199 an
1894 1162 1994 1202 res,

687 1238 777 1276 me
803 1221 1055 1291 quamvis
1083 1221 1307 1278 Lamiae
1335 1223 1513 1294 pietas
1541 1229 1597 1280 et
1625 1242 1756 1280 cura
1780 1231 2041 1296 moratur,

687 1301 915 1357 fratrem
943 1303 1252 1374 maerentis,
1286 1308 1445 1375 rapto
1475 1304 1542 1361 de
1570 1305 1740 1362 fratre
1768 1305 2005 1364 dolentis

686 1381 1063 1453 insolabiliter,
1096 1388 1283 1440 tamen
1312 1385 1456 1442 istuc
1484 1404 1637 1443 mens
1666 1388 1989 1461 animusque

686 1462 796 1520 fert
822 1468 880 1520 et
908 1469 1059 1520 amat
1086 1465 1280 1536 spatiis
1310 1465 1593 1524 obstantia
1617 1487 1870 1541 rumpere
1898 1470 2149 1528 claustra.

686 1563 809 1601 rure
836 1562 935 1617 ego
963 1546 1258 1618 viventem,
1292 1552 1357 1604 tu
1384 1548 1522 1605 dicis
1548 1549 1606 1604 in
1633 1550 1769 1607 urbe
1795 1551 2056 1610 beatum:

687 1627 776 1682 cui
801 1626 981 1698 placet
1010 1626 1251 1699 alteriUS,
1285 1646 1384 1685 sua
1413 1630 1672 1686 nimirum
1702 1636 1786 1689 est
1816 1632 1938 1689 odio
1967 1652 2097 1690 sors.

686 1707 895 1764 stultus
922 1713 1151 1780 uterque
1178 1708 1360 1765 locum
1388 1711 1710 1768 inmeritum
1738 1718 1994 1771 causatur
2019 1715 2239 1787 inique:

687 1788 744 1844 in
774 1789 932 1861 culpa
959 1794 1045 1845 est
1073 1789 1300 1862 animUS,
1336 1793 1431 1863 qui
1458 1810 1518 1849 se
1544 1811 1654 1848 11011
1683 1794 1877 1866 effugit
1903 1813 2181 1867 umquam.

686 1873 752 1926 tu
778 1870 1137 1927 mediastinus
1167 1872 1338 1929 tacita
1364 1891 1523 1945 prece
1550 1892 1679 1930 rura
1706 1876 1946 1948 petebaS,

684 1969 828 2007 nunc
855 1952 1048 2008 urbem
1076 1957 1132 2009 et
1160 1953 1318 2010 ludos
1348 1959 1405 2010 et
1432 1955 1631 2012 balnea
1656 1956 1850 2013 vilicus
1879 1962 2036 2030 optas
2056 1980 2072 2031 3

684 2050 773 2089 me
800 2036 1048 2090 constare
1073 2034 1211 2090 mihi
1239 2036 1343 2092 scis
1373 2040 1431 2092 et
1460 2036 1733 2094 discedere
1762 2040 1996 2110 tristem,

683 2113 1135 2187 quandocumque
1164 2115 1394 2172 trahunt
1421 2117 1601 2174 invisa
1625 2120 1846 2190 negotia
1874 2120 2121 2178 Romam.

683 2212 793 2251 non
820 2194 1012 2251 eadem
1039 2196 1301 2252 miramur
1320 2219 1337 2270 3
1378 2216 1442 2254 00
1471 2198 1814 2257 disconvenit
1839 2202 1987 2258 inter

683 2294 878 2348 meque
905 2281 962 2333 et
993 2281 1048 2333 te
1071 2299 1083 2335 ε
1124 2296 1254 2332 nam
1282 2296 1422 2349 quae
1450 2279 1669 2336 deserta
1697 2285 1753 2337 et
1779 2282 2057 2355 inhospita
2085 2287 2282 2356 tesqua

683 2357 874 2429 credis,
905 2376 1133 2415 amoena
1161 2364 1325 2415 vocat
1351 2378 1566 2418 mecum
1594 2362 1691 2433 qui
1719 2364 1905 2434 sentit,
1939 2369 1996 2420 et
2024 2364 2141 2420 odit

682 2451 821 2510 quae
850 2444 916 2495 tu
940 2439 1169 2512 pulchra
1196 2445 1379 2514 putas.
1456 2443 1649 2503 ,fornix
1675 2444 1780 2501 tibi
1808 2449 1865 2500 et
1892 2449 2060 2501 uncta
2088 2447 2289 2518 popina

681 2520 960 2576 incutiunt
987 2522 1137 2578 urbis
1166 2523 1513 2595 desiderium,
1546 2524 1723 2596 vide0,
1756 2529 1811 2582 et
1838 2526 1986 2598 quod

682 2600 915 2672 angulus
940 2602 1050 2659 iste
1075 2604 1215 2661 feret
1243 2606 1398 2677 piper
1427 2610 1485 2662 et
1513 2610 1604 2662 tus
1632 2607 1781 2664 ocius
1808 2625 1935 2678 uva,

680 2700 781 2739 nec
806 2683 991 2739 vicina
1017 2683 1207 2742 subest
1235 2687 1429 2742 vinum
1457 2688 1715 2759 praebere
1743 2688 1972 2745 taberna

681 2781 820 2836 quae
846 2765 1024 2836 possit
1051 2765 1171 2837 tibi,
1204 2785 1303 2823 nec
1331 2769 1594 2825 meretrix
1620 2769 1863 2842 tibicina,
1898 2772 2051 2827 cuius

681 2845 754 2901 ad
782 2846 1074 2917 strepitum
1102 2847 1264 2903 salias
1294 2852 1471 2905 terrae
1499 2852 1683 2921 gravis
1706 2873 1718 2908 z
1762 2856 1817 2908 et
1847 2856 2033 2909 tamen
2061 2870 2260 2925 urgues

679 2925 1006 2999 iampridem
1032 2946 1141 2983 11011
1169 2933 1320 2986 tacta
1346 2929 1623 3001 ligonibus
1650 2950 1783 2988 arva
1808 2932 2113 3005 bovemque

680 3007 1015 3065 disiunctum
1043 3027 1198 3065 curas
1225 3014 1284 3065 et
1312 3011 1522 3067 strictis
1549 3012 1835 3070 frondibus
1864 3014 2047 3086 exples
2066 3035 2083 3088 3

679 3089 837 3146 addit
867 3108 1003 3162 opus
1029 3090 1184 3162 pigro
1211 3091 1377 3162 rivus,
1411 3093 1462 3148 si
1488 3093 1692 3151 decidit
1717 3095 1909 3166 imber,

679 3170 857 3227 multa
885 3171 1026 3227 mole
1054 3172 1327 3228 docendus
1356 3174 1539 3244 aprico
1565 3192 1784 3246 parcere
1810 3182 1985 3249 prat0.

678 3270 824 3308 nunc
850 3270 965 3324 age,
999 3253 1131 3325 quid
1160 3258 1407 3309 nostrum
1435 3261 1760 3313 concentum
1787 3257 2018 3330 dividat,
2051 3260 2196 3317 audi.

679 3351 839 3405 quem
871 3338 1064 3390 tenues
1090 3334 1315 3391 decuere
1343 3339 1504 3408 togae
1531 3337 1803 3409 nitidique
1831 3340 2029 3411 capilli,

676 3432 842 3486 quem
869 3415 976 3471 scis
1003 3416 1283 3472 inmunem
1313 3415 1544 3473 Cinarae
1571 3417 1837 3489 placuisse
1865 3422 2060 3493 rapaci,

677 3513 840 3567 quem
868 3496 1117 3553 bibulum
1144 3497 1343 3569 liquidi
1367 3497 1551 3553 media
1576 3498 1644 3555 de
1671 3499 1792 3556 luce
1819 3500 2054 3574 Falerni,

677 3594 810 3631 cena
836 3577 1018 3633 brevis
1046 3578 1201 3634 iuvat
1229 3583 1285 3634 et
1313 3596 1480 3650 prope
1508 3580 1690 3636 rivum
1717 3599 1941 3638 somnus
1969 3584 2027 3639 in
2054 3585 2224 3641 herba
2242 3607 2259 3658 3

678 3674 777 3714 nec
801 3656 997 3715 lusisse
1026 3657 1209 3730 pudet,
1243 3659 1339 3715 sed
1364 3677 1475 3715 non
1503 3660 1740 3718 incidere
1765 3661 1976 3723 ludum.

677 3756 787 3798 non
814 3739 940 3795 istic
969 3738 1189 3811 obliquo
1217 3740 1372 3797 oculo
1400 3758 1524 3798 mea
1551 3744 1834 3800 commoda
1862 3747 2150 3818 quisquam

2474 1577 2527 1607 10

2472 1982 2524 2026 15

2465 2391 2523 2421 20

2460 3206 2519 3248 30

2458 3610 2515 3654 35
