2792 4334
910 299 1400 352 EPISTULARUM
1435 300 1564 351 LIB.
1606 300 1645 349 Ι.
1687 301 1744 348 18

414 432 699 507 quidlibet
724 434 955 490 indutus
982 433 1336 491 celeberrima
1362 453 1462 507 per
1487 434 1605 491 loca
1632 432 1798 488 vadet

411 533 816 588 personamque
843 515 985 572 feret
1013 533 1124 571 non
1153 516 1511 573 inconcinnus
1542 520 1834 586 utramque
1853 534 1870 584 3

413 596 557 653 alter
582 595 774 653 Mileti
800 601 1015 653 textam
1043 614 1176 653 cane
1203 598 1361 670 peius
1389 602 1448 654 et
1476 597 1643 669 angui

413 677 628 734 vitabit
658 677 999 750 chlamydem
1022 700 1038 751 3
1071 679 1338 735 morietur
1364 679 1580 751 frigore,
1614 678 1663 734 si
1689 696 1798 733 non

412 758 703 815 rettuleris
729 776 988 831 pannum.
1077 758 1220 815 refer
1246 765 1304 816 et
1331 761 1450 817 sine
1478 761 1635 817 vivat
1663 759 1899 830 ineptus.

411 858 501 897 res
528 857 721 913 gerere
749 845 805 896 et
833 845 1025 912 captos
1051 840 1342 898 ostendere
1370 842 1584 898 civibus
1613 840 1799 896 hostes

413 921 654 993 attingit
682 920 879 977 solium
908 921 1062 978 Iovis
1090 926 1150 978 et
1177 921 1437 979 caelestia
1463 926 1719 994 temptat.

411 1001 760 1075 principibus
785 1001 1055 1073 placuisse
1082 1003 1219 1059 viris
1246 1021 1357 1060 non
1386 1004 1587 1060 ultima
1613 1002 1734 1058 laus
1767 1006 1869 1059 est.

412 1101 523 1140 non
553 1083 735 1139 cuivis
761 1083 974 1139 homini
1000 1084 1275 1157 contingit
1303 1085 1456 1141 adire
1485 1083 1829 1142 Corinthum.

412 1164 558 1221 sedit
586 1165 690 1237 qui
715 1165 907 1221 timuit
935 1182 1004 1222 ne
1032 1183 1144 1222 non
1175 1166 1527 1223 succederet:
1569 1170 1702 1223 esto,

413 1245 588 1317 quid'l
676 1246 771 1318 qui
797 1246 1051 1318 pervenit
1079 1246 1283 1304 fecitne
1310 1246 1585 1304 viriliter‘l
1668 1247 1825 1319 atqui

416 1327 504 1383 hic
533 1330 627 1382 est
654 1331 752 1382 aut
779 1345 1068 1400 nusquam,
1104 1327 1251 1399 quod
1278 1329 1610 1400 quaerimus.
1674 1327 1764 1384 hic
1792 1345 1927 1383 onus
1955 1326 2157 1394 horret,

412 1413 479 1465 ut
505 1408 700 1480 parvis
726 1407 926 1464 animis
954 1412 1011 1466 et
1038 1426 1210 1481 parvo
1236 1426 1459 1482 corpore
1490 1409 1706 1482 maius;

413 1489 504 1545 hic
531 1488 691 1546 subit
717 1497 775 1546 et
800 1490 1023 1562 perfert.
1111 1494 1212 1547 aut
1237 1490 1422 1547 virtus
1450 1508 1650 1547 nomen
1678 1491 1839 1546 inane
1868 1494 1965 1561 est,

413 1575 513 1626 aut
542 1569 716 1627 decus
742 1575 799 1627 et
825 1572 1068 1643 pretium
1095 1576 1243 1628 recte
1270 1572 1416 1644 petit
1443 1572 1726 1645 experiens
1753 1572 1850 1627 vir.

413 1669 599 1708 coram
629 1669 756 1723 rege
781 1670 884 1708 sua
910 1652 979 1709 de
1005 1658 1336 1725 paupertate
1367 1658 1617 1710 tacentes

413 1733 539 1805 plus
566 1738 830 1806 poscente
856 1733 1072 1791 ferent:
1116 1734 1306 1807 distat,
1338 1751 1598 1792 sumasne
1625 1734 1895 1807 pudenter

412 1832 485 1870 an
512 1814 700 1887 rapias
718 1836 737 1887 3
776 1816 934 1887 atqui
960 1811 1147 1872 rerum
1174 1820 1340 1888 eaput
1368 1816 1474 1873 hoc
1501 1820 1634 1888 erat,
1667 1816 1756 1871 hie
1782 1816 1920 1872 fons.

380 1895 673 1951 ‘indotata
698 1895 838 1952 mihi
864 1914 1017 1953 soror
1043 1902 1145 1968 est,
1178 1897 1512 1971 paupercula
1537 1902 1729 1967 mater,

414 1981 472 2033 et
499 1976 714 2033 fundus
739 1995 839 2034 nec
865 1978 1162 2035 vendibilis
1191 1997 1292 2035 nec
1319 1996 1538 2051 pascere
1566 1979 1758 2035 firmus
1773 1979 1787 2004 ²

413 2059 509 2130 qui
539 2058 696 2130 dicit,
730 2058 934 2115 clamat
968 2061 981 2088 ‘
997 2060 1211 2116 victum
1240 2060 1372 2117 date
1395 2060 1439 2116 !'
1524 2060 1757 2117 succinit
1784 2057 1925 2116 alter

380 2142 394 2169 ‘
411 2144 471 2195 et
497 2139 643 2195 mihi
665 2141 677 2196 Ξ
697 2140 711 2165 ²
739 2138 968 2197 dividuo
996 2140 1241 2197 findetur
1267 2159 1495 2198 munere
1524 2141 1768 2214 quadra:

413 2220 510 2277 sed
539 2221 749 2276 tacitus
774 2222 926 2293 pasci
951 2221 1000 2278 si
1026 2226 1214 2294 posset
1241 2240 1452 2295 corvus,
1483 2222 1715 2280 haberet

413 2301 540 2373 plus
567 2301 731 2374 dapis
760 2307 817 2358 et
844 2302 996 2360 rixae
1024 2303 1206 2360 multo
1232 2304 1421 2360 minus
1449 2303 1813 2376 invidiaeque.

413 2382 781 2439 Brundisium
808 2401 989 2440 comes
1017 2389 1118 2441 aut
1149 2383 1480 2442 Surrentum
1508 2385 1710 2442 ductus
1737 2402 2030 2441 amoenum

414 2465 511 2536 qui
539 2465 794 2536 queritur
820 2465 1066 2522 salebras
1095 2469 1154 2524 et
1181 2466 1442 2523 acerbum
1468 2466 1646 2538 frigus
1674 2471 1730 2522 et
1759 2465 1976 2537 imbres,

413 2550 512 2603 aut
542 2546 744 2602 cistam
771 2546 1055 2603 effiactam
1084 2551 1144 2604 et
1170 2546 1447 2604 subducta
1473 2548 1678 2604 viatica
1703 2547 1899 2619 plorat,

412 2630 548 2683 nota
573 2627 748 2683 refert
774 2628 1079 2684 meretricis
1104 2628 1377 2700 acumina,
1411 2646 1570 2701 saepe
1600 2627 1871 2698 catellam,

412 2725 573 2780 saepe
605 2708 984 2781 periscelidem
1010 2713 1231 2782 raptam
1257 2710 1367 2766 sibi
1392 2710 1593 2781 flentis,
1619 2710 1704 2765 uti
1732 2728 1861 2765 mox

413 2789 567 2845 nulla
595 2788 737 2846 fides
764 2789 983 2846 damnis
1010 2792 1266 2863 verisque
1293 2790 1572 2847 doloribus
1601 2790 1763 2847 adsit.

411 2887 512 2927 nec
540 2870 717 2927 semel
742 2870 946 2927 inrisus
974 2872 1160 2928 triviis
1187 2872 1445 2929 attollere
1472 2875 1629 2929 curat

413 2951 590 3007 fracto
623 2970 779 3009 crure
804 2952 1049 3024 planum.
1139 2953 1269 3009 lieet
1296 2952 1383 3008 illi
1409 2953 1649 3025 plurima
1680 2957 1868 3010 manet

411 3031 659 3103 lacrima,
691 3051 787 3105 per
812 3038 1069 3090 sanctum
1096 3035 1312 3090 iuratus
1340 3034 1490 3091 dicat
1518 3034 1722 3091 Osirim

381 3113 638 3186 ‘credite,
672 3132 781 3170 non
807 3112 978 3186 ludo;
1020 3112 1282 3187 crudeles,
1318 3114 1502 3172 tollite
1530 3115 1787 3172 claudum
1812 3116 1855 3172 3⁷

378 3196 392 3222 ‘
409 3212 614 3266 quaere
641 3196 992 3267 peregrinum
1016 3195 1061 3251 1’
1088 3195 1295 3253 vicinia
1322 3214 1489 3253 rauca
1514 3197 1793 3254 reclamat.

1208 3391 1424 3448 XVIII

415 3507 476 3566 Si
503 3508 647 3567 bene
677 3515 733 3567 te
760 3511 906 3583 novi,
941 3516 1171 3583 metues,
1201 3512 1483 3571 liberrime
1510 3513 1674 3586 Lolli,

413 3591 722 3648 scurrantis
747 3593 983 3664 speciem
1008 3593 1286 3666 praebere,
1320 3595 1598 3666 professus
1625 3595 1879 3651 amicum.

412 3677 480 3728 ut
507 3678 768 3730 matrona
792 3675 1069 3730 meretrici
1098 3674 1285 3746 dispar
1314 3676 1420 3732 erit
1448 3683 1616 3749 atque

413 3753 669 3824 discolor,
700 3754 870 3810 infido
896 3772 1115 3812 scurrae
1144 3756 1381 3813 distabit
1408 3759 1632 3815 amicus.

2266 300 2358 352 167

2305 622 2362 665 30

2306 1025 2360 1070 35

2303 1432 2363 1473 40

2304 1837 2361 1882 45

2306 2244 2363 2289 50

2304 2648 2358 2694 55
