2792 4334
953 295 1342 348 SERMONUM
1378 299 1510 349 LIB.
1551 300 1618 350 11.
1658 302 1690 347 2

422 425 662 483 adclinis
690 427 847 485 falsis
874 429 1093 486 animus
1122 432 1352 490 meliora
1377 441 1610 506 recusat,

420 527 618 565 verum
648 507 740 565 hic
768 510 1013 582 inpransi
1042 531 1261 570 mecum
1291 516 1599 588 disquirite.
1696 518 1709 543 ‘
1726 533 1819 571 cur
1849 516 2019 573 hocl'

421 589 623 656 dicam,
655 590 704 644 si
732 596 937 662 potero,
1026 594 1171 651 male
1200 614 1393 653 verum
1423 600 1708 654 examinat
1734 599 1912 653 omnis

422 675 715 743 corruptus
745 672 926 729 iudex.
1014 674 1258 747 leporem
1286 684 1533 735 sectatus
1560 697 1769 752 equove

420 751 601 808 lassus
630 751 703 807 ab
731 753 1002 811 indomito
1031 756 1136 828 vel,
1170 759 1218 814 si
1249 758 1502 816 Romana
1528 761 1731 833 fatigat

421 833 628 889 militia
657 833 950 892 adsuetum
979 840 1239 912 graecari,
1273 859 1370 897 seu
1395 842 1513 914 pila
1539 843 1719 913 velox,

420 914 668 970 molliter
696 921 980 973 austerum
1009 920 1198 977 studio
1227 921 1455 980 fallente
1482 923 1743 994 laborem,

421 1013 521 1052 seu
549 1000 607 1051 te
637 995 821 1053 discus
849 1000 980 1070 agit,
1015 1006 1142 1071 pete
1172 1003 1459 1060 cedentem
1489 1023 1615 1061 aera
1643 1005 1792 1061 disco
1815 1026 1911 1061 :—

422 1090 549 1133 cum
578 1076 737 1132 labor
764 1080 1046 1137 extuderit
1076 1082 1317 1155 fastidia,
1350 1086 1542 1156 siccus,
1575 1087 1757 1143 inanis

419 1175 617 1230 sperne
647 1157 833 1215 cibum
861 1160 1030 1218 vilem
1051 1183 1067 1234 3
1109 1165 1218 1220 nisi
1248 1165 1546 1237 Hymettia
1571 1167 1740 1223 mella
1766 1167 2001 1224 Falerno

421 1257 492 1295 ne
521 1238 729 1295 biberis
758 1241 953 1300 diluta.
1042 1245 1175 1302 foris
1205 1252 1291 1303 est
1318 1265 1558 1321 promus,
1592 1254 1651 1305 et
1680 1254 1866 1305 atrum

421 1319 726 1377 defendens
754 1323 930 1393 pisces
958 1324 1171 1384 hiemat
1199 1346 1383 1386 mare:
1429 1348 1555 1385 cum
1584 1330 1701 1386 sale
1727 1331 1885 1402 panis

421 1401 726 1458 latrantem
756 1406 1106 1463 stomachum
1136 1408 1274 1465 bene
1303 1409 1490 1467 leniet.
1577 1411 1725 1468 unde
1754 1416 1920 1483 putas
1947 1417 2048 1467 aut

421 1484 520 1556 qui
547 1485 814 1555 partum‘l
894 1506 1004 1543 non
1033 1489 1092 1544 in
1121 1508 1248 1546 caro
1275 1491 1466 1549 nidore
1494 1492 1752 1565 voluptas

421 1583 658 1636 summa,
692 1566 790 1623 sed
818 1568 876 1623 in
906 1574 962 1625 te
992 1570 1112 1642 ipso
1141 1577 1242 1629 est.
1329 1578 1394 1629 tu
1422 1573 1794 1645 pulmentaria
1822 1591 2023 1646 quaere

422 1645 711 1704 sudando:
755 1649 1018 1721 pinguem
1047 1653 1205 1709 vitiis
1233 1653 1532 1726 albumque
1559 1673 1737 1727 neque
1765 1660 1946 1711 ostrea

421 1746 524 1784 nec
551 1745 741 1784 scarus
769 1735 871 1785 aut
898 1733 1104 1803 poterit
1132 1736 1420 1807 peregrina
1446 1737 1638 1793 iuvare
1667 1736 1853 1808 lagois

421 1809 521 1864 vix
550 1813 739 1865 tamen
770 1811 1014 1885 eripiam,
1046 1815 1227 1886 posito
1253 1834 1467 1888 pavone
1494 1817 1633 1874 velis
1664 1818 1792 1889 quin

424 1889 528 1946 hoc
556 1892 744 1962 potius
772 1911 941 1964 quam
967 1895 1176 1966 gallina
1206 1903 1417 1969 tergere
1443 1898 1712 1971 palatum,

422 1977 717 2044 corruptus
745 1975 906 2031 vanis
935 1994 1135 2048 rerum,
1169 1979 1301 2050 quia
1327 1985 1528 2036 veneat
1556 1999 1691 2037 auro

422 2071 548 2109 rara
576 2055 699 2110 avis
728 2059 785 2111 et
813 2057 964 2127 picta
992 2059 1204 2129 pandat
1231 2061 1546 2133 spectacula
1574 2062 1782 2120 cauda:

422 2139 715 2206 tamquam
743 2136 815 2193 ad
844 2155 960 2195 rem
989 2140 1232 2197 attineat
1260 2143 1569 2215 quicquam.
1659 2162 1791 2200 num
1819 2145 2058 2201 vesceris
2086 2145 2208 2216 ista,

421 2234 591 2287 quam
622 2216 834 2290 laudas,
867 2219 1096 2291 pluma?
1178 2228 1331 2279 cocto
1357 2242 1495 2281 num
1524 2224 1685 2281 adest
1711 2225 1885 2281 honor
1913 2226 2098 2282 idem?

421 2315 587 2354 carne
616 2303 806 2355 tamen
835 2302 1090 2372 quamvis
1120 2303 1295 2361 distat
1322 2305 1418 2374 nil,
1449 2305 1553 2362 hac
1580 2307 1756 2377 magis
1784 2306 1940 2362 illam

420 2379 710 2451 inparibus
739 2380 932 2437 formis
961 2383 1254 2456 deceptum
1285 2391 1340 2442 te
1368 2390 1590 2458 petere!
1678 2392 1794 2443 esto
1817 2410 1829 2445 ε

421 2461 571 2517 unde
600 2461 800 2517 datum
828 2464 1018 2535 sentis,
1055 2464 1221 2538 lupus
1250 2466 1338 2523 hic
1367 2467 1664 2525 Tiberinus
1692 2487 1760 2524 an
1790 2468 1909 2526 alto

423 2547 622 2613 captus
651 2542 809 2600 hiet‘l
848 2550 1115 2616 pontesne
1145 2548 1292 2604 inter
1318 2549 1561 2605 iactatus
1588 2568 1662 2605 an
1690 2551 1868 2607 amnis

421 2624 569 2680 ostia
598 2623 704 2680 sub
734 2625 939 2683 Tusci?
1020 2627 1231 2700 laudas,
1264 2630 1472 2701 insane,
1506 2630 1777 2687 trilibrem

422 2705 677 2776 muHum‚
711 2706 771 2761 in
800 2707 1019 2779 singula
1047 2727 1214 2781 quem
1243 2711 1462 2768 minuas
1488 2712 1776 2783 pulmenta
1803 2730 2025 2770 necesse
2053 2717 2151 2771 est.

423 2784 580 2842 ducit
609 2792 668 2843 te
695 2789 919 2860 species,
951 2790 1130 2847 video.
1220 2810 1328 2863 quo
1354 2794 1600 2864 pertinet
1629 2812 1755 2865 ergo

421 2885 674 2938 proceros
703 2869 885 2926 odisse
912 2869 1110 2943 lupos?
1192 2875 1323 2945 quia
1348 2874 1560 2930 scilicet
1586 2874 1701 2930 illis

422 2950 689 3006 maiorem
718 2955 922 3008 natura
949 2953 1176 3009 modum
1207 2955 1378 3026 dedit,
1413 2955 1501 3011 his
1528 2955 1698 3012 breve
1724 2956 1955 3028 pondus.

421 3030 641 3087 ieiunus
669 3050 795 3088 raro
822 3034 1142 3101 stomachus
1170 3035 1424 3108 vulgaria
1452 3038 1671 3094 temnit.

394 3114 408 3140 ‘
426 3119 744 3183 porrectum
774 3133 975 3186 magno
1005 3135 1268 3188 magnum
1298 3123 1547 3190 spectare
1575 3118 1759 3174 catino

421 3194 626 3251 vellem
644 3196 658 3221 '
686 3197 770 3252 ait
799 3196 1067 3270 Harpyiis
1096 3199 1229 3270 gula
1256 3199 1425 3271 digna
1453 3200 1755 3271 rapacibus.
1845 3205 1906 3256 at
1930 3217 2048 3271 vos,

422 3285 742 3346 praesentes
769 3277 982 3349 Austri,
1013 3280 1235 3351 coquite
1264 3280 1462 3336 horum
1492 3280 1734 3338 obsonia.
1823 3298 2159 3353 quamquam

421 3363 588 3429 putet
617 3377 750 3431 aper
779 3359 1151 3433 rhombusque
1178 3379 1380 3433 recens,
1415 3362 1565 3418 mala
1594 3363 1751 3434 copia
1777 3362 2001 3435 quando

422 3456 652 3511 aegrum
680 3439 945 3498 sollicitat
974 3442 1338 3513 stomachum,
1374 3461 1502 3499 cum
1531 3444 1726 3515 rapula
1750 3444 1947 3516 plenus

421 3526 593 3593 atque
622 3521 809 3579 acidas
837 3523 1056 3580 mavult
1083 3523 1280 3582 inulas.
1370 3525 1607 3581 necdum
1639 3526 1815 3580 omnis
1845 3525 2043 3581 abacta

420 3605 711 3676 pauperies
741 3603 917 3675 epulis
944 3623 1137 3676 regum
1161 3627 1172 3663 :
1216 3624 1345 3662 nam
1372 3605 1582 3662 vilibus
1611 3607 1729 3662 ovis

422 3684 707 3757 nigrisque
735 3690 823 3741 est
850 3685 982 3742 oleis
1011 3685 1175 3743 hodie
1203 3686 1370 3744 locus.
1461 3687 1611 3743 haud
1642 3687 1722 3743 ita
1749 3688 1960 3759 pridem

422 3763 649 3823 Galloni
677 3768 961 3838 praeconis
988 3773 1109 3824 erat
1136 3769 1450 3842 acipensere
1479 3786 1671 3826 mensa

2158 305 2163 312 ’
2273 307 2370 357 123

2319 789 2374 819 10

2318 1192 2371 1238 15

2314 1600 2373 1631 20

2315 2005 2372 2050 25

2315 2412 2375 2455 30

2315 2815 2373 2888 3¹5

2315 3225 2375 3267 40

2315 3628 2374 3673 45
