2792 4334
920 281 1414 334 EPISTULARUM
1449 284 1577 335 LIB.
1619 284 1657 334 Ι.
1699 286 1756 333 13

504 415 657 471 vivis
686 420 745 471 et
772 416 964 486 urtica,
997 416 1075 470 sic
1103 416 1263 473 vives
1291 418 1561 491 protinus,
1596 423 1661 474 ut
1688 423 1744 473 te

503 494 801 552 confestim
829 495 1073 568 liquidus
1102 496 1362 555 fortunae
1390 500 1542 555 rivus
1571 501 1803 568 inauret,

501 577 592 634 vel
624 578 758 648 quia
785 583 1042 633 naturam
1070 583 1291 636 mutare
1321 581 1555 652 pecunia
1583 581 1773 650 nescit,

502 658 592 714 vel
626 659 760 729 quia
786 662 988 714 cuncta
1014 664 1182 730 putas
1210 679 1324 716 una
1351 662 1562 718 virtute
1590 664 1815 718 minora.

502 741 790 809 miramur,
822 739 871 793 si
900 738 1208 797 Democriti
1236 759 1407 814 pecus
1434 742 1551 799 edit
1579 743 1783 815 agellos

504 820 784 891 cultaque,
818 819 953 876 dum
980 838 1205 892 peregre
1235 828 1323 879 est
1351 824 1573 880 animus
1599 825 1718 881 sine
1746 842 1969 895 corpore
1991 824 2187 896 velox,

502 918 634 957 cum
663 906 730 957 tu
755 900 902 956 inter
929 901 1170 958 scabiem
1201 907 1421 960 tantam
1449 909 1508 979 et
1536 906 1792 977 contagia
1818 904 1958 961 lucri

502 982 585 1038 nil
614 999 850 1053 parvum
878 982 1058 1053 sapias
1087 988 1146 1039 et
1176 984 1357 1040 adhuc
1384 984 1648 1042 sublimia
1674 1004 1843 1058 cureS,

503 1080 650 1135 quae
679 1079 828 1119 mare
855 1069 1206 1134 compescant
1234 1083 1444 1138 causae,
1479 1067 1613 1138 quid
1643 1072 1913 1140 temperet
1941 1086 2162 1139 annum,

503 1143 704 1201 stellae
732 1148 928 1215 sponte
957 1162 1056 1201 sua
1085 1147 1338 1203 iussaene
1365 1153 1641 1218 vagentur
1669 1154 1726 1205 et
1754 1155 1949 1220 errent,

506 1224 647 1297 quid
675 1229 892 1297 premat
920 1225 1217 1283 obscurum
1245 1227 1429 1300 lunae,
1460 1229 1597 1300 quid
1624 1231 1866 1302 proferat
1894 1231 2098 1299 orbem,

502 1305 643 1378 quid
671 1306 811 1362 velit
838 1310 897 1363 et
923 1308 1100 1379 possit
1128 1326 1314 1365 rerum
1343 1310 1633 1367 concordia
1661 1311 1881 1382 discors,

504 1387 871 1459 Empedocles
900 1406 973 1444 an
1002 1388 1338 1446 Stertinium
1368 1390 1570 1448 deliret
1598 1411 1843 1449 acumen.

503 1486 718 1540 verum,
750 1486 848 1525 seu
874 1469 1051 1541 pisces
1079 1489 1180 1527 seu
1206 1489 1431 1544 porrum
1459 1477 1518 1529 et
1546 1491 1711 1545 caepe
1738 1475 1997 1545 trucidas,

504 1555 665 1606 utere
694 1550 961 1622 Pompeio
989 1551 1261 1624 Grospho,
1295 1558 1354 1610 et
1382 1554 1430 1609 si
1458 1554 1593 1626 quid
1621 1560 1778 1627 petet
1807 1555 1954 1611 ultro

503 1631 696 1688 defer:
740 1631 822 1686 nil
848 1630 1138 1704 Grosphus
1167 1635 1275 1690 nisi
1303 1653 1498 1691 verum
1528 1636 1711 1692 orabit
1739 1640 1795 1692 et
1825 1654 2073 1707 aequum.

503 1712 637 1768 vilis
664 1713 966 1769 amicorum
994 1719 1079 1770 est
1107 1732 1342 1794 annona,
1376 1716 1537 1773 bonis
1564 1717 1663 1773 ubi
1691 1717 1824 1789 quid
1852 1717 2020 1773 deest.

504 1812 573 1850 ne
603 1801 796 1849 tamen
822 1794 1038 1865 ignores
1065 1814 1178 1868 quo
1206 1797 1282 1852 sit
1312 1798 1564 1854 Romana
1590 1797 1710 1854 loco
1736 1817 1837 1868 reS,

504 1874 790 1932 Cantaber
817 1875 1112 1948 Agrippae,
1146 1877 1349 1934 Claudi
1375 1879 1587 1935 virtute
1617 1879 1854 1935 Neronis

503 1956 805 2011 Armenius
834 1957 1068 2030 cecidit3
1103 1959 1190 2015 ius
1218 1960 1621 2031 imperiumque
1651 1960 1921 2015 Prahates

505 2036 761 2093 Caesaris
788 2038 999 2109 accepit
1026 2039 1260 2110 genibus
1289 2042 1502 2111 minor3
1545 2059 1711 2097 aurea
1735 2041 1922 2114 fruges

505 2116 711 2174 Italiae
737 2117 901 2189 pleno
927 2118 1186 2177 defundit
1217 2120 1392 2194 Copia
1418 2140 1602 2178 cornu.

1237 2318 1395 2375 XIII

504 2441 592 2498 Ut
624 2442 1061 2513 proficiscentem
1090 2440 1252 2496 docui
1280 2444 1339 2495 te
1369 2457 1530 2511 saepe
1559 2439 1777 2512 diuque,

505 2523 766 2594 Augusto
792 2522 988 2581 reddes
1016 2523 1239 2592 signata
1263 2520 1566 2591 volumina,
1599 2521 1748 2591 Vini,

503 2605 553 2660 si
580 2603 818 2674 validus,
851 2603 902 2660 si
927 2603 1109 2659 laetus
1138 2603 1258 2672 erit,
1292 2602 1343 2657 si
1370 2601 1608 2674 denique
1636 2607 1823 2674 poscet
1843 2622 1859 2672 3

503 2704 573 2742 ne
604 2685 793 2741 studio
820 2684 997 2741 nostri
1025 2700 1214 2755 pecces
1243 2682 1543 2754 odiumque
1569 2682 1773 2739 libellis

504 2766 735 2823 sedulus
762 2767 1008 2838 inportes
1035 2781 1200 2836 opera
1225 2763 1553 2820 vehemente
1581 2765 1845 2820 minister.

504 2848 553 2903 si
582 2852 643 2904 te
671 2847 816 2904 forte
835 2864 990 2903 meae
1019 2845 1205 2917 gravis
1233 2848 1359 2901 uret
1385 2846 1602 2901 sarcina
1628 2844 1867 2914 chartae,

504 2928 714 2985 abicito
741 2928 942 2999 potius,
975 2945 1145 3000 quam
1174 2943 1283 2998 quo
1312 2925 1550 2998 perferre
1579 2926 1782 2982 iuberis

505 3009 747 3066 clitellas
773 3009 922 3065 ferus
950 3008 1208 3080 inpingas
1235 3007 1552 3078 Asinaeque
1579 3011 1872 3079 paternum

506 3108 808 3162 cognomen
835 3096 1022 3147 vertas
1049 3090 1106 3144 in
1137 3088 1312 3144 risum
1340 3092 1398 3143 et
1426 3087 1617 3144 fabula
1644 3088 1759 3145 fias.

504 3171 724 3228 viribus
750 3171 926 3227 uteris
954 3189 1049 3243 per
1078 3170 1264 3240 clivos,
1298 3169 1545 3239 flumina,
1578 3169 1768 3226 lamas.

505 3253 689 3310 victor
714 3253 983 3325 propositi
1010 3250 1179 3308 simul
1205 3268 1270 3306 ac
1297 3250 1612 3322 perveneris
1641 3250 1787 3321 illuc,

505 3334 587 3390 sic
615 3335 860 3406 positum
889 3332 1136 3390 servabis
1163 3349 1318 3401 onus,
1350 3349 1420 3387 ne
1448 3330 1593 3388 forte
1619 3330 1725 3388 sub
1752 3331 1843 3387 ala

505 3415 831 3472 fasciculum
859 3419 1044 3487 portes
1072 3413 1356 3484 librorum,
1388 3416 1455 3469 ut
1481 3413 1722 3469 rusticus
1748 3430 1969 3484 agnum,

506 3502 574 3552 ut
603 3497 798 3554 vinosa
823 3496 1040 3567 glomus
1067 3495 1312 3551 furtivae
1341 3494 1539 3567 Pyrria
1564 3494 1737 3563 lanae,

506 3583 573 3634 ut
603 3596 731 3635 cum
757 3577 978 3650 pilleolo
1005 3576 1182 3633 soleas
1208 3576 1443 3632 conviva
1471 3574 1711 3631 tribulis.

507 3677 577 3716 ne
605 3658 777 3730 vulgo
803 3676 991 3715 narres
1018 3663 1077 3715 te
1104 3658 1391 3714 sudavisse
1420 3657 1647 3713 ferendo

505 3741 756 3798 carmina
781 3757 923 3812 quae
950 3740 1167 3813 possint
1195 3739 1381 3795 oculos
1409 3756 1676 3811 auresque
1706 3740 1906 3795 morari

1290 3842 1344 3886 M

2275 291 2365 339 161

2307 1418 2366 1449 20

2311 3194 2366 3224 10
