2792 4334
1315 709 1656 783 EPODI

1478 934 1508 988 I

928 1068 1054 1125 Ims
1080 1066 1341 1123 Liburnis
1369 1066 1518 1122 inter
1544 1065 1662 1121 alta
1689 1066 1932 1138 navium,

1007 1150 1196 1220 amice,
1229 1147 1652 1221 propugnacula,

927 1235 1156 1303 paratus
1185 1247 1343 1285 omne
1373 1228 1624 1286 Caesaris
1651 1229 1952 1300 periculum

1008 1311 1206 1381 subire,
1240 1310 1547 1379 MaecenaS,
1583 1314 1693 1366 tuo,

931 1392 1063 1465 quid
1090 1410 1204 1463 nOS,
1237 1392 1439 1464 quibus
1468 1395 1525 1447 te
1552 1392 1672 1447 vita
1699 1391 1747 1447 si
1774 1391 2070 1464 superstite

1010 1473 1262 1543 iucunda,
1295 1473 1344 1528 si
1373 1478 1578 1543 contra,
1609 1473 1831 1544 gravis?

932 1558 1190 1611 utrumne
1217 1554 1352 1610 iussi
1382 1572 1768 1625 persequemur
1797 1553 1973 1610 otium

1011 1654 1120 1692 non
1149 1635 1322 1706 dulce,
1355 1636 1416 1690 ni
1443 1639 1628 1691 tecum
1655 1634 1836 1705 simul,

933 1736 1004 1773 an
1032 1717 1181 1773 hunc
1206 1716 1465 1786 laborem,
1500 1721 1685 1772 mente
1713 1716 1883 1772 laturi
1910 1715 2067 1772 decet

1013 1816 1123 1871 qua
1150 1797 1288 1854 ferre
1316 1815 1426 1853 non
1455 1796 1648 1853 molles
1675 1797 1820 1852 viros
1844 1799 1864 1851 2

936 1880 1186 1951 feremus,
1219 1884 1276 1935 et
1303 1884 1360 1935 te
1390 1878 1479 1934 vel
1508 1896 1605 1950 per
1632 1877 1860 1949 Alpium
1888 1878 2016 1950 iuga

1013 1960 1401 2032 inhospitalem
1431 1965 1488 2016 et
1518 1959 1839 2029 Caucasum,

935 2042 1025 2099 vel
1053 2041 1364 2099 Occidentis
1394 2059 1568 2112 usque
1597 2041 1665 2096 ad
1693 2040 1953 2097 ultimum
1982 2040 2163 2096 sinum

1017 2124 1150 2179 forti
1176 2140 1466 2200 sequemur
1494 2127 1725 2194 pectore.

940 2222 1109 2277 roges,
1142 2209 1301 2260 tuum
1328 2203 1517 2259 labore
1545 2203 1678 2274 quid
1706 2203 1892 2259 iuvem
1920 2220 2040 2259 meo

1019 2284 1239 2342 inbellis
1265 2302 1327 2340 ac
1357 2284 1551 2340 firmus
1578 2284 1809 2357 parum?

942 2384 1120 2424 comes
1148 2366 1353 2422 minore
1384 2384 1507 2422 sum
1535 2365 1755 2422 futurus
1783 2366 1842 2421 in
1871 2371 2038 2436 metU,

1022 2449 1119 2520 qui
1146 2448 1317 2503 maior
1345 2448 1603 2503 absentes
1630 2447 1798 2503 habet
1818 2469 1834 2519 3

946 2534 1011 2585 ut
1037 2529 1289 2586 adsidens
1318 2529 1660 2601 inplumibus
1686 2528 1854 2600 pullis
1884 2529 2001 2584 avis

1025 2611 1360 2682 serpentium
1390 2610 1649 2682 adlapsus
1676 2611 1838 2666 timet

947 2692 1121 2763 magis
1151 2690 1371 2762 relictiS,
1407 2709 1533 2761 non,
1566 2696 1630 2746 ut
1658 2691 1818 2760 adsit,
1853 2690 2025 2746 auxili

1027 2772 1210 2828 latura
1235 2771 1358 2844 plus
1388 2773 1779 2844 praesentibus.

950 2852 1186 2910 libenter
1211 2852 1312 2908 hoc
1341 2858 1398 2909 et
1428 2871 1588 2909 omne
1616 2853 1946 2909 militabitur

1028 2934 1234 2991 bellum
1262 2934 1319 2989 in
1347 2938 1477 2990 tuae
1508 2953 1658 3006 spem
1687 2935 1911 3005 gratiae,

953 3034 1060 3071 non
1087 3021 1153 3072 ut
1180 3016 1422 3071 iuvencis
1450 3015 1682 3086 inligata
1708 3014 1956 3087 pluribus

1031 3101 1214 3152 aratra
1240 3097 1493 3152 nitantur
1520 3097 1655 3152 meis

954 3195 1185 3250 pecusve
1215 3177 1462 3235 Calabris
1492 3181 1620 3233 ante
1648 3177 1799 3233 sidus
1827 3174 2099 3232 fervidum

1035 3259 1258 3315 Lucana
1282 3263 1463 3314 mutet
1490 3259 1721 3329 pascuis,

958 3358 1053 3396 nec
1080 3345 1146 3396 ut
1173 3340 1392 3411 superni
1420 3338 1557 3395 villa
1583 3339 1818 3395 candens
1846 3338 2070 3393 Tusculi

1036 3420 1260 3478 Circaea
1286 3425 1480 3491 tangat
1508 3420 1734 3476 moenia.

958 3503 1091 3558 satis
1119 3520 1384 3573 superque
1412 3519 1500 3557 me
1528 3500 1838 3572 benignitas
1867 3505 1965 3556 tua

1037 3583 1274 3639 ditavit:
1315 3582 1465 3637 haud
1493 3599 1753 3653 paravero

958 3664 1103 3735 quod
1131 3670 1227 3720 aut
1256 3681 1453 3719 avarus
1482 3667 1547 3717 ut
1577 3662 1837 3718 Chremes
1865 3667 2011 3718 terra
2038 3680 2297 3734 premam,

1039 3745 1334 3801 discinctus
1364 3749 1463 3800 aut
1492 3744 1714 3816 perdam
1743 3750 1809 3800 ut
1836 3762 2017 3816 nepos

2480 1820 2537 1850 10

2440 2612 2461 2674 J
2485 2631 2544 2661 20

2493 3442 2552 3485 30
