2792 4334
498 317 561 369 52

277 3437 524 3712 ff?

150 3697 347 3818 css

1222 318 1276 378 Q.
1313 317 1576 369 HORATI
1617 318 1860 369 FLACCI

979 449 1287 533 [Cerberus,
1321 454 1577 525 quamvis
1606 453 1802 510 furiale
1832 457 2052 510 centum

975 537 1232 592 muniant
1260 552 1464 605 angues
1495 542 1661 606 caput
1690 536 1806 591 eius
1835 541 2001 607 atque

974 618 1203 691 spiritus
1233 621 1410 672 taeter
1439 617 1724 688 saniesque
1751 622 1942 673 manet

1056 717 1144 755 ore
1176 698 1472 769 trilingui]

976 781 1109 853 quin
1137 785 1196 835 et
1226 778 1388 834 Ixion
1421 779 1718 851 Tityosque
1746 778 1912 836 vultu

976 863 1099 917 risit
1124 861 1317 931 invit0,
1352 861 1515 916 stetit
1543 879 1683 916 urna
1709 860 1937 932 paulum

977 944 1131 1011 sicca,
1164 942 1295 998 dum
1323 947 1485 1014 grato
1514 941 1698 998 Danai
1726 942 1941 1014 puellas

1057 1024 1294 1080 carmine
1322 1023 1545 1079 mulces,

976 1105 1167 1162 audiat
1196 1105 1348 1176 Lyde
1379 1104 1552 1160 scelus
1582 1109 1748 1175 atque
1776 1110 1937 1161 notas

976 1187 1252 1258 virginum
1277 1204 1482 1258 poenas
1511 1191 1568 1242 et
1597 1186 1757 1242 inane
1784 1185 2042 1257 lymphae

976 1267 1183 1324 dolium
1212 1267 1382 1323 fundo
1411 1268 1690 1339 pereuntis
1716 1267 1828 1322 imo

1056 1366 1281 1420 seraque
1307 1348 1445 1419 fata,

975 1447 1113 1502 quae
1140 1434 1367 1486 manent
1398 1429 1587 1501 culpas
1617 1429 1785 1486 etiam
1814 1429 1918 1485 sub
1948 1429 2102 1485 Orco,

977 1512 1387 1584 inpiae,—nam
1419 1510 1551 1581 quid
1580 1515 1807 1582 potuere
1837 1511 2013 1567 maius
2031 1510 2128 1565 2-

976 1593 1158 1665 inpiae
1188 1609 1413 1663 sponsos
1444 1597 1669 1663 potuere
1696 1591 1835 1648 duro

1055 1673 1279 1746 perdere
1300 1674 1463 1730 ferro,

976 1773 1087 1811 una
1113 1755 1182 1810 de
1212 1754 1402 1810 multis
1432 1754 1549 1810 face
1579 1753 1819 1824 nuptiali

976 1836 1141 1908 digna
1168 1836 1450 1908 periurum
1479 1835 1588 1890 fuit
1617 1836 1674 1890 in
1702 1838 1987 1906 parentem

976 1915 1260 1989 splendide
1286 1917 1525 1972 mendax
1553 1920 1611 1972 et
1640 1916 1697 1971 in
1725 1933 1885 1972 omne
1911 1917 2067 1987 virgo

1057 1997 1258 2055 nobilis
1285 2015 1500 2066 aevum,

938 2079 1128 2151 ‘surge
1146 2079 1160 2105 '
1191 2097 1328 2151 quae
1360 2078 1504 2134 dixit
1531 2077 1718 2134 iuveni
1746 2077 1963 2149 marit0,

934 2163 949 2191 ‘
970 2178 1145 2232 surge,
1179 2177 1247 2216 ne
1273 2160 1471 2231 longus
1501 2158 1609 2215 tibi
1636 2176 1877 2229 somnus,
1908 2158 2055 2215 unde

975 2260 1084 2298 non
1112 2241 1291 2313 times,
1326 2241 1489 2297 detur
1511 2261 1526 2312 ;
1568 2257 1815 2296 socerum
1844 2245 1901 2297 et
1929 2240 2188 2298 scelestas

1054 2322 1184 2379 falle
1213 2340 1438 2392 sororeS,

976 2422 1128 2477 quae,
1163 2403 1316 2459 velut
1346 2407 1539 2459 nactae
1567 2401 1774 2459 vitulos
1801 2401 2036 2472 leaenae,

977 2484 1221 2558 singulos
1250 2485 1389 2541 eheu
1418 2484 1661 2540 lacerant
1686 2502 1697 2538 :
1741 2502 1841 2556 ego
1868 2483 1982 2540 illis

978 2566 1197 2624 mollior
1223 2585 1320 2622 nec
1348 2571 1407 2623 te
1437 2565 1631 2622 feriam
1659 2582 1834 2637 neque
1861 2565 2010 2622 intra

1057 2648 1294 2704 claustra
1323 2647 1538 2703 tenebo,

976 2747 1064 2786 me
1089 2734 1249 2802 pater
1275 2729 1454 2784 saevis
1485 2731 1675 2784 oneret
1701 2728 1926 2798 cateniS,

976 2810 1122 2882 quod
1152 2810 1269 2866 viro
1298 2809 1538 2865 clemens
1567 2810 1765 2865 misero
1793 2810 2009 2881 peperci
2031 2829 2047 2880 3

979 2910 1068 2948 me
1092 2891 1185 2947 vel
1213 2895 1485 2946 extremos
1516 2890 1886 2947 Numidarum
1915 2891 1973 2946 in
2002 2907 2159 2962 agros

1059 2971 1227 3029 classe
1254 2971 1475 3043 releget.

979 3055 1014 3125 i,
1047 3052 1214 3126 pedes
1240 3070 1346 3125 quo
1377 3058 1434 3109 te
1461 3053 1685 3124 rapiunt
1713 3058 1771 3109 et
1799 3071 1977 3125 aurae,

978 3134 1109 3191 dum
1138 3134 1290 3190 favet
1318 3152 1428 3190 nox
1456 3138 1513 3190 et
1540 3133 1747 3204 Venus,
1781 3134 1802 3189 i
1830 3132 2066 3190 secundo

978 3218 1158 3273 omine
1187 3220 1243 3271 et
1269 3216 1445 3271 nostri
1473 3232 1767 3272 memorem
1797 3214 2082 3288 sepulchro

1060 3297 1241 3369 scalpe
1266 3295 1601 3369 querellam.'

1485 3508 1607 3565 XII

740 3616 1069 3674 Miserarum
1096 3623 1182 3674 est
1210 3634 1384 3689 neque
1412 3617 1586 3672 amori
1614 3615 1742 3673 dare
1770 3616 1966 3672 ludum
1994 3633 2170 3688 neque
2200 3617 2344 3673 dulci

739 3698 886 3754 mala
913 3700 1044 3754 vino
1071 3697 1252 3755 lavere
1280 3703 1380 3754 aut
1410 3698 1710 3754 exanimari
1740 3702 2051 3755 metuentes

979 3785 1207 3852 patruae
1235 3779 1461 3836 verbera
1486 3779 1721 3850 linguae.

603 3811 1966 4321 Qffl.

2533 721 2593 751 20

2533 1534 2594 1578 30

2531 1937 2591 1984 35

2531 2346 2595 2388 40

2532 2750 2593 2796 45

2535 3155 2596 3202 50
