2792 4334
957 286 1338 339 GARMINUM
1375 290 1506 341 LIB.
1547 292 1628 340 III

470 421 581 477 tibi
609 420 840 491 qualum
870 421 1177 491 Cythereae
1204 442 1340 496 puer
1368 425 1495 498 aleS,
1530 425 1635 481 tibi
1664 424 1807 479 telas

469 519 842 575 operosaeque
871 502 1158 598 Minervae
1187 506 1440 600 studium
1468 507 1667 577 aufert,
1703 506 1759 561 N
1764 506 1970 579 eobule,

771 602 792 641 1

470 662 646 721 simul
672 670 870 721 unctos
898 665 1172 724 Tiberinis
1201 688 1419 726 umeros
1446 669 1589 726 lavit
1616 670 1675 725 in
1705 669 1886 739 undis,

469 762 645 817 eques
672 746 793 818 ipso
819 747 1015 803 melior
1043 748 1484 823 Bellerophonte,
1517 769 1695 824 neque
1725 769 1910 822 pugno

716 845 891 900 neque
920 831 1076 901 segni
1102 832 1240 902 pede
1267 833 1487 903 victus3

468 912 634 982 catus
660 908 811 965 idem
835 927 936 982 per
962 917 1216 983 apertum
1243 913 1521 985 fugientes
1549 914 1764 985 agitato

466 1006 637 1062 grege
795 1009 825 1046 o
885 991 897 1003 ⁶
938 992 1111 1049 culari
1140 999 1197 1051 et
1226 994 1369 1051 celer
1397 995 1513 1051 alto
1541 995 1868 1052 latitantem

717 1072 979 1130 fruticeto
1007 1076 1255 1147 excipere
1282 1094 1493 1148 aprum.

1197 1307 1358 1363 XIII

716 1425 765 1483 Ο
794 1425 921 1482 fons
950 1425 1261 1483 Bandusiae
1290 1428 1632 1521 splendidior
1658 1429 1820 1508 ΨΟ,

715 1505 863 1563 dulci
891 1507 1056 1579 digne
1083 1526 1233 1565 mero
1259 1527 1373 1565 non
1402 1511 1518 1566 sine
1545 1504 1789 1581 floribus

795 1606 914 1644 cras
943 1588 1233 1645 donaberis
1260 1589 1455 1662 haed0,

873 1670 965 1725 cui
991 1670 1140 1727 frons
1167 1672 1392 1743 turgida
1419 1672 1673 1729 cornibus

715 1750 908 1821 primis
936 1756 995 1807 et
1020 1769 1275 1808 venerem
1303 1757 1364 1809 et
1389 1753 1598 1825 proelia
1626 1753 1872 1809 destinat
1887 1758 1937 1826 ξ’

714 1831 955 1890 frustra:
997 1850 1128 1888 nam
1154 1833 1365 1904 gelidos
1391 1835 1601 1891 inficiet
1630 1833 1738 1891 tibi

795 1913 961 1970 rubro
988 1915 1252 1986 sanguine
1278 1916 1430 1971 rivos

873 1993 1067 2052 lascivi
1093 1996 1311 2053 suboles
1339 1998 1533 2070 gregis.

704 2075 1766 2157 lssflagmnfisffimxssmflanmae

714 2158 889 2214 nescit
916 2162 1158 2236 tanam,
1191 2165 1257 2216 tu
1283 2159 1460 2231 frigus
1487 2161 1729 2217 amabile

819 2238 957 2295 essis
985 2257 1204 2297 vomere
1231 2243 1409 2297 tauris

873 2320 1103 2393 praebes
1130 2326 1188 2378 et
1215 2323 1398 2393 pecori
1425 2340 1582 2394 vagu.

792 2564 957 2634 ωε,
989 2563 1136 2621 unde
1163 2565 1218 2621 lo
1255 2583 1328 2621 ua

871 2643 1135 2718 lymphae
1163 2583 1430 2715 ffi
1456 2651 1602 2704 tuae.

1202 2878 1351 2935 XIV

714 2994 975 3056 Herculis
1002 2997 1117 3054 ritu
1146 2999 1309 3054 modo
1338 2997 1537 3070 dictus,
1570 3018 1619 3054 o·
1631 3001 1804 3072 plebS,

712 3080 890 3133 morte
917 3077 1170 3135 venalem
1195 3080 1424 3152 petiisse
1452 3079 1685 3152 laurum,

715 3156 920 3214 Cacsar
947 3158 1203 3232 Hispana
1232 3161 1437 3233 repetit
1467 3161 1708 3218 Penates

791 3239 971 3296 victor
995 3241 1069 3297 ab
1097 3260 1205 3299 ora.

710 3321 874 3377 unico
899 3321 1147 3394 gaudens
1174 3323 1375 3381 mulier
1401 3325 1605 3381 marito

710 3402 944 3473 prodeat
970 3404 1135 3462 iustis
1163 3410 1390 3478 operata
1416 3406 1586 3463 sacris

712 3487 770 3540 et
797 3501 950 3540 soror
976 3485 1109 3542 clari
1137 3486 1292 3543 ducis
1320 3492 1380 3544 et
1408 3487 1634 3544 decorae

791 3565 1038 3639 supplice
1066 3568 1215 3624 vitta

710 3645 993 3718 virginum
1019 3654 1226 3705 matres
1253 3649 1631 3722 iuvenumque
1658 3669 1835 3724 nuper

710 3729 997 3800 sospitam.
1083 3748 1199 3803 vos,
1232 3749 1264 3786 o
1291 3731 1451 3802 pueri
1478 3736 1537 3788 et
1562 3733 1781 3803 puellae

2279 296 2341 345 53

2285 940 2343 971 10

2275 2184 2336 2217 10

2273 2587 2330 2634 15

2271 3756 2327 3787 10
