2792 4334
328 2665 633 2815 aar

968 302 1356 353 CARMINUM
1390 302 1521 352 LIB.
1566 300 1620 350 II

799 439 945 495 nodo
974 457 1185 495 coerces
1213 438 1463 511 viperino

880 521 1235 577 Bistonidum
1263 521 1383 577 sine
1410 519 1603 576 fraude
1632 518 1820 574 crines

720 609 799 674 tu,
826 621 954 658 cum
982 603 1229 674 parentis
1258 620 1428 674 regna
1454 620 1551 674 per
1579 599 1814 655 arduum

719 684 911 741 cohors
939 684 1249 755 Gigantum
1277 683 1564 740 scanderet
1591 681 1758 753 inpia,

800 766 1083 822 Rhoetum
1111 765 1385 822 retorsisti
1413 764 1586 821 leonis

879 847 1158 918 unguibus
1186 845 1547 918 horribilique
1573 843 1721 900 mala
1740 863 1756 913 3

719 947 1056 1001 quamquam
1085 928 1296 985 choreis
1326 928 1509 1000 aptior
1536 932 1593 983 et
1621 925 1752 981 iocis

719 1010 959 1083 ludoque
986 1010 1186 1081 dictus,
1206 1028 1319 1066 non
1347 1013 1438 1065 sat
1464 1007 1691 1064 idoneus

800 1110 1021 1164 pugnae
1047 1091 1329 1162 ferebaris,
1364 1088 1636 1163 sedjdflm

850 1169 1708 1311 wll·

722 1260 778 1311 te
807 1272 864 1311 vl
906 1273 927 1310 1
981 1272 1169 1310 1nsons
1200 1253 1474 1311 Cerberus
1500 1269 1665 1308 aureo

724 1354 892 1393 cornu
920 1335 1179 1391 decorum
1205 1334 1408 1390 leniter
1436 1338 1682 1390 atterens

803 1417 1035 1475 caudam
1064 1423 1120 1473 et
1148 1416 1458 1489 recedentis
1486 1412 1741 1484 trilingui

886 1516 978 1555 ore
1005 1498 1185 1571 pedes
1200 1497 1499 1568 tetigitque
1529 1512 1701 1552 crura.

1236 1752 1352 1809 XX

727 1889 857 1946 Non
886 1888 1098 1945 usitata
1124 1905 1223 1944 nec
1253 1886 1412 1943 tenui
1440 1886 1471 1942 f
1494 1904 1582 1942 rar

727 1951 897 2045 ΞΞΞΞΞ
930 1952 1175 2042 Efformis
1192 1955 1301 2049 ‘fier
1329 1904 1606 2051 {ifiuiffifim
1635 1967 1859 2023 aethera

806 2056 965 2109 vates
993 2068 1169 2123 neque
1196 2050 1256 2106 in
1285 2049 1450 2107 terris
1479 2049 1735 2106 morabor

887 2119 1104 2204 Iongius
1130 2131 1452 2206 inxidiaque
1480 2131 1653 2186 maior

727 2216 892 2272 urbes
919 2214 1243 2286 relinquam.
1273 2215 1278 2219 ’
1330 2230 1443 2268 11011
1473 2229 1573 2283 ego
1600 2228 1904 2283 pauperum

728 2296 954 2369 sanguis
982 2299 1291 2368 parentum,
1324 2312 1436 2350 non
1466 2311 1565 2365 ego
1595 2311 1758 2364 quem
1787 2309 1964 2361 vocas,

807 2377 1006 2434 dilecte
1034 2376 1342 2446 Maecenas,
1377 2374 1540 2431 obibo

891 2476 991 2515 nec
1021 2457 1217 2529 Stygia
1247 2455 1544 2513 cohibebor
1570 2455 1734 2511 unda.

730 2542 841 2597 iam
868 2541 983 2596 iam
1039 2538 1265 2595 esidunt
1294 2537 1547 2594 cruribus
1575 2554 1802 2608 asperae

628 2622 920 2697 spelles
954 2626 1011 2677 et
1037 2596 1230 2677 fflssum
1259 2623 1450 2675 mutor
1477 2636 1535 2673 111
1565 2617 1757 2674 alitem

808 2720 1058 2776 superne,
1089 2705 1506 2772 nascunturque
1531 2699 1683 2756 leves

891 2802 990 2857 per
1016 2783 1222 2856 digitos
1251 2799 1580 2852 umerosque
1609 2780 1844 2852 plumae.

731 2868 844 2924 iam
872 2864 1153 2922 Daedaleo
1180 2863 1365 2920 notior
1395 2862 1555 2918 Icaro

733 2949 911 3005 visam
938 2945 1209 3018 gementis
1238 2944 1408 3000 litora
1436 2943 1702 3015 Bosphori

815 3028 1114 3102 Syrtesque
1144 3024 1418 3084 Gaetulas
1446 3042 1677 3082 canorus

1099 3125 1233 3181 yper
1306 3124 1537 3177 reosque
1565 3123 1796 3178 campos,

734 3209 823 3249 me
852 3190 1093 3248 Colchus
1120 3195 1193 3261 et,
1227 3189 1327 3260 qui
1354 3187 1671 3244 dissimulat
1700 3192 1912 3244 metum

736 3273 959 3331 Marsae
985 3234 1242 3341 cohortis,
1275 3269 1467 3326 Dacus
1493 3272 1551 3325 et
1579 3257 1766 3324 ultimi

814 3358 1044 3411 noscent
1073 3351 1288 3422 Geloni,
1319 3368 1412 3407 me
1437 3351 1650 3422 pentus

897 3435 1074 3492 discet
1103 3432 1285 3489 Hiber
1314 3431 1682 3503 Rhodanique
1710 3435 1884 3503 potor.

738 3517 967 3575 absint
951 3515 1105 3572 mani
1129 3515 1323 3571 funere
1350 3512 1547 3569 neniae

737 3600 1030 3671 luctusque
1058 3603 1249 3668 turpes
1277 3599 1335 3651 et
1363 3593 1737 3666 querimoniae
1761 3616 1772 3651 :

819 3696 1101 3752 compesce
1127 3677 1425 3734 clamorem
1455 3693 1518 3731 ac
1545 3675 1820 3747 sepulchri

901 3761 1066 3817 mitte
1093 3775 1462 3832 supervacuos
1489 3756 1735 3815 honores.

2277 303 2376 351 39-

2288 1354 2347 1398 30

2302 2637 2355 2667 10

2301 3449 2359 3479 20
