2792 4334
1241 316 1454 367 EPODI

772 451 841 504 ut
868 448 1220 521 Argonautas
1249 457 1471 524 praeter
1498 468 1685 508 omnes
1717 451 2011 509 candidum

854 528 1056 586 Medea
1082 531 1285 588 mirata
1314 538 1400 589 est
1429 533 1639 604 ducem,

771 610 966 682 ignota
984 612 1160 668 tauris
1186 613 1553 684 inligaturum
1580 616 1708 686 iuga

852 694 1114 763 perunxit
1140 693 1244 750 hoc
1272 693 1530 751 Iasonem
1551 718 1568 769 3

772 771 877 828 hoc
905 773 1171 831 delibutis
1199 775 1324 831 ulta
1350 776 1512 833 donis
1540 775 1803 850 paelicem

853 860 1108 926 serpente
1134 856 1282 928 fugit
1311 858 1461 916 alite.

772 952 872 991 nec
902 940 1096 993 tantus
1124 956 1388 1009 umquam
1417 939 1662 996 siderum
1691 939 1899 995 insedit
1925 957 2100 1012 vapor

853 1017 1167 1075 siticulosae
1194 1018 1449 1091 Apuliae,

772 1114 874 1153 nec
902 1115 1103 1154 munus
1129 1102 1336 1156 umeris
1364 1101 1600 1158 efficacis
1631 1101 1889 1157 Herculis

852 1179 1052 1236 inarsit
1079 1183 1403 1239 aestuosius.

769 1263 833 1316 at
859 1260 909 1316 si
935 1260 1071 1332 quid
1098 1280 1362 1335 umquam
1389 1262 1504 1320 tale
1531 1265 1919 1337 concupiveriS,

852 1342 1029 1398 iocose
1058 1343 1365 1416 Maecenas,
1398 1363 1589 1417 precor

771 1440 1001 1479 manum
1026 1424 1212 1496 puella
1238 1427 1393 1482 savio
1423 1431 1665 1499 opponat
1691 1430 1804 1497 tu0,

852 1509 1102 1562 extrema
1129 1511 1185 1562 et
1211 1507 1272 1563 in
1300 1507 1514 1579 sponda
1540 1507 1722 1566 cubet.

1296 1639 1384 1696 IV

772 1745 946 1818 Lupis
974 1750 1032 1802 et
1058 1748 1214 1818 agnis
1244 1752 1456 1819 quanta
1484 1749 1681 1805 sortito
1708 1748 1925 1821 obtigit,

856 1832 1039 1883 tecum
1067 1828 1206 1884 mihi
1234 1829 1509 1886 discordia
1536 1835 1639 1901 est,

775 1907 1056 1965 Hibericis
1083 1915 1306 1982 peruste
1336 1911 1563 1968 funibus
1591 1911 1741 1968 latus

855 1995 913 2047 et
939 2009 1100 2047 crura
1126 1991 1265 2048 dura
1293 1993 1568 2066 compede.

771 2070 905 2129 licet
931 2072 1199 2145 superbus
1230 2074 1482 2131 ambules
1509 2075 1754 2147 pecunia,

852 2153 1077 2210 fortuna
1104 2173 1212 2211 non
1244 2161 1431 2212 mutat
1458 2174 1645 2228 genus

771 2234 1012 2306 videsne,
1049 2235 1273 2292 Sacram
1303 2238 1570 2294 metiente
1598 2243 1656 2294 te
1682 2238 1830 2295 viam

853 2334 979 2372 cum
1005 2316 1094 2374 bis
1124 2319 1295 2374 trium
1324 2318 1584 2375 ulnarum
1612 2324 1756 2390 toga,

770 2401 839 2453 ut
866 2416 961 2454 ora
985 2403 1172 2455 vertat
1199 2399 1310 2456 huc
1339 2406 1409 2457 et·
1425 2400 1534 2456 huc
1561 2402 1812 2456 euntium

851 2478 1131 2536 liberrima
1156 2480 1470 2553 indignatio
1487 2482 1508 2538 ’ζ

739 2561 753 2588 ‘
767 2564 951 2616 sectus
977 2561 1211 2632 flagellis
1240 2563 1333 2619 hic
1360 2563 1801 2619 triumviralibus

850 2644 1133 2714 praeconis
1161 2644 1230 2699 ad
1262 2644 1555 2701 fastidium

770 2729 894 2780 arat
922 2723 1144 2781 Falerni
1171 2724 1327 2782 mille
1355 2726 1517 2782 fundi
1545 2727 1734 2798 iugera

853 2809 912 2861 et
939 2805 1181 2878 Appiam
1209 2807 1433 2863 mannis
1465 2808 1595 2863 terit

770 2884 1144 2959 sedilibusque
1172 2906 1411 2959 magnus
1437 2889 1497 2944 in
1524 2889 1717 2960 primis
1745 2907 1909 2960 eques

854 2967 1076 3024 Othone
1104 2973 1425 3041 contempto
1453 2970 1625 3030 sedet.

773 3048 910 3120 quid
937 3049 1142 3106 attinet
1170 3054 1258 3105 tot
1289 3068 1384 3105 ora
1413 3050 1642 3106 navium
1671 3051 1826 3123 gravi

852 3134 1095 3186 rostrata
1122 3131 1249 3187 duci
1277 3131 1520 3202 pondere

771 3215 964 3267 contra
989 3211 1231 3267 latrones
1262 3217 1434 3284 atque
1462 3212 1718 3268 servilem
1749 3232 1989 3284 manum,

852 3291 970 3363 hoc,
1002 3291 1107 3348 hoc
1134 3292 1359 3349 tribuno
1388 3293 1635 3350 militum
1653 3294 1673 3350 2
1689 3295 1703 3320 '

1314 3425 1369 3480 V

740 3533 852 3589 ‘At
879 3551 913 3589 o
940 3533 1168 3589 deorum
1196 3533 1473 3606 quidquid
1499 3534 1557 3589 in
1588 3534 1742 3591 caelo
1769 3535 1914 3607 regit

852 3620 1027 3671 terras
1055 3621 1114 3671 et
1140 3614 1449 3671 humanum
1479 3633 1670 3686 genus,

771 3695 908 3767 quid
933 3697 1041 3753 iste
1067 3696 1176 3753 fert
1204 3696 1501 3768 tumultus,
1535 3701 1595 3753 et
1624 3698 1765 3768 quid
1793 3699 2044 3754 omnium

854 3777 1049 3834 vultus
1075 3779 1135 3834 in
1162 3795 1339 3834 unum
1365 3795 1457 3834 me
1487 3780 1708 3837 truces?

2323 323 2383 372 85

2330 562 2387 592 10

2332 1371 2391 1402 20

2341 2506 2395 2537 10

2343 3320 2401 3351 20
