2792 4334
912 307 1401 359 EPISTULARUM
1439 308 1567 359 LIB.
1611 308 1648 357 Ι.
1693 309 1751 354 18
1907 304 1911 308 ’
2272 310 2365 357 169

500 458 670 512 surge
698 446 757 498 et
782 441 1114 498 inhumanae
1140 441 1356 499 senium
1385 442 1595 515 depone
1624 440 1912 510 Camenae,

501 540 666 581 cenes
694 529 759 580 ut
786 524 992 595 pariter
1019 523 1308 595 pulmenta
1332 524 1616 580 laboribus
1644 526 1832 593 empta
1852 542 1868 591 3

502 605 776 661 Romanis
802 604 1065 661 sollemne
1093 605 1228 661 viris
1257 623 1408 677 opust,
1443 605 1579 661 utile
1608 604 1787 660 famae

503 688 765 757 vitaeque
792 690 849 741 et
876 685 1151 756 membriS‚
1184 687 1511 757 praesertim
1538 704 1664 742 eum
1691 684 1875 740 valeas
1902 688 1958 739 et
2305 720 2363 765 50

501 766 595 824 vel
626 783 790 822 cursu
816 784 1071 839 superare
1100 785 1291 823 canem
1318 767 1411 824 vel
1438 767 1648 824 viribus
1676 783 1871 838 aprum

502 847 687 921 possis
710 868 727 920 ;
767 847 908 904 adde
935 847 1119 904 virilia
1145 848 1295 920 quod
1324 848 1618 920 speciosius
1648 865 1803 903 arma

503 947 619 985 non
648 933 735 985 est
761 928 857 1000 qui
885 934 1090 985 tractet
1116 951 1128 987 ε
1170 930 1293 1000 scis,
1326 948 1438 1002 quo
1467 929 1704 985 clamore
1732 945 1956 985 coronae

503 1010 716 1083 proelia
742 1011 1017 1066 sustineas
1043 1012 1373 1082 campestria
1395 1031 1413 1082 3
1455 1011 1691 1082 denique
1718 1026 1938 1066 saevam

503 1090 770 1147 militiam
798 1109 933 1162 puer
960 1096 1020 1148 et
1049 1091 1383 1148 Cantabrica
1412 1090 1557 1148 bella
1584 1091 1772 1147 tulisti

503 1173 614 1229 sub
644 1172 780 1228 duce
808 1173 905 1243 qui
931 1172 1155 1244 templis
1184 1172 1523 1229 Parthorum
1549 1172 1711 1244 signa
1738 1172 1917 1243 refigit
2312 1134 2369 1181 55

503 1271 671 1324 nunc,
705 1259 777 1325 et,
810 1254 859 1309 si
885 1253 1023 1325 quid
1036 1253 1224 1329 abest,
1258 1253 1424 1310 Italis
1453 1253 1735 1309 adiudicat
1763 1253 1942 1309 armis

504 1352 571 1391 ac
600 1352 673 1390 ne
699 1338 757 1391 te
784 1334 1036 1391 retrahas
1062 1339 1120 1391 et
1145 1334 1537 1391 inexcusabilis
1563 1334 1730 1406 absiS,

505 1416 768 1488 quamvis
796 1415 877 1472 nil
904 1420 1063 1472 extra
1089 1434 1383 1472 numerum
1411 1416 1604 1473 fecisse
1631 1415 1967 1486 modumque

507 1515 686 1567 curas,
717 1497 997 1553 interdum
1026 1498 1249 1569 nugaris
1275 1515 1403 1554 rure
1429 1503 1662 1569 paterno
1685 1519 1696 1554 ε
2310 1506 2373 1549 60

505 1579 756 1651 partitur
783 1578 976 1634 lintres
1005 1579 1290 1650 exercitus,
1322 1578 1493 1635 Actia
1517 1596 1706 1650 pugna

509 1664 568 1716 te
597 1658 736 1715 duce
765 1677 861 1732 per
887 1677 1084 1731 pueros
1111 1658 1305 1715 hostili
1331 1677 1484 1715 more
1509 1659 1762 1727 refertur,

460 1791 465 1796 .
507 1741 862 1797 adversarius
889 1747 975 1797 est
1002 1740 1187 1811 frater,
1220 1740 1372 1796 lacus
1403 1740 1636 1809 Hadria,
1667 1740 1839 1796 donec

507 1821 845 1879 alterutrum
871 1822 1036 1878 velox
1059 1822 1294 1878 victoria
1321 1820 1516 1878 fronde
1544 1825 1778 1878 coronet.

508 1904 824 1960 consentire
849 1904 963 1959 suis
992 1902 1194 1959 studiis
1223 1903 1320 1974 qui
1347 1902 1644 1959 crediderit
1672 1907 1744 1973 te,
2314 1913 2373 1968 65

511 1985 703 2041 fautor
729 1989 964 2057 utroque
992 1989 1152 2040 tuum
1182 1983 1437 2040 laudabit
1466 1983 1662 2056 pollice
1689 1983 1897 2040 ludum.

507 2067 767 2139 protinus
795 2072 860 2121 ut
887 2066 1292 2137 moneam,—-si
1319 2065 1456 2137 quid
1482 2065 1771 2122 monitoris
1799 2082 1924 2136 eges
1951 2069 2096 2120 tu—

510 2147 650 2220 quid
680 2148 749 2204 de
775 2165 992 2219 quoque
1019 2148 1137 2204 viro
1167 2152 1226 2203 et
1256 2147 1343 2202 cui
1372 2146 1540 2218 dicas,
1572 2164 1737 2219 saepe
1763 2146 1965 2203 videto,

510 2233 954 2301 percontatorem
980 2229 1159 2299 fugito
1182 2249 1194 2285 :
1240 2245 1370 2283 nam
1397 2227 1651 2300 garrulus
1680 2227 1827 2283 idem
1856 2230 1953 2296 est,

510 2328 616 2367 nec
641 2310 886 2366 retinent
911 2309 1135 2381 patulae
1165 2310 1464 2365 commissa
1489 2309 1731 2365 fideliter
1756 2325 1927 2378 aures,
2315 2330 2376 2371 70

510 2396 571 2448 et
599 2390 774 2447 semel
800 2391 1061 2447 emissum
1090 2390 1247 2447 volat
1274 2389 1645 2447 inrevocabile
1673 2388 1915 2445 verbum.

511 2491 627 2528 non
654 2472 856 2529 ancilla
881 2477 1043 2528 tuum
1070 2472 1221 2528 iecur
1242 2472 1454 2528 ulceret
1481 2470 1597 2527 ulla
1623 2488 1828 2543 puerve

510 2556 667 2610 intra
693 2571 1059 2610 marmoreum
1087 2553 1389 2610 venerandi
1416 2552 1588 2608 limen
1615 2552 1793 2623 amici,

511 2653 582 2692 ne
615 2635 870 2690 dominus
898 2635 1055 2706 pueri
1082 2634 1301 2707 pulchri
1331 2651 1558 2690 caraeve
1585 2631 1802 2705 puellae

513 2734 743 2772 munere
770 2721 829 2771 te
854 2733 1027 2787 parvo
1052 2716 1180 2772 beet
1208 2720 1310 2771 aut
1334 2714 1715 2771 incommodus
1744 2716 1926 2783 angat.
2319 2732 2377 2778 75

512 2797 739 2869 qualem
767 2797 1112 2853 commendes
1139 2796 1314 2853 etiam
1341 2802 1513 2868 atque
1534 2796 1706 2851 etiam
1733 2795 1926 2865 aspice,
1960 2811 2032 2848 ne
2056 2810 2187 2848 mox

512 2879 795 2935 incutiant
822 2878 1002 2934 aliena
1029 2878 1134 2934 tibi
1161 2882 1390 2950 peccata
1416 2877 1697 2949 pudorem.

513 2960 765 3016 fallimur
785 2963 843 3015 et
869 2959 1146 3031 quondam
1174 2977 1288 3015 non
1317 2959 1548 3030 dignum
1578 2958 1888 3014 tradimus:
1929 2973 2060 3027 ergo

514 3059 686 3113 quem
712 3058 815 3096 sua
841 3039 1004 3112 culpa
1030 3045 1259 3112 premet,
1294 3040 1556 3111 deceptus
1584 3039 1782 3095 omitte
1811 3037 1972 3106 tueri,

512 3127 581 3178 ut
611 3121 834 3194 penitus
861 3126 1071 3191 notum,
1104 3121 1152 3177 si
1180 3125 1464 3194 temptent
1492 3120 1740 3189 crimina,
1771 3135 1954 3174 serves
2321 3128 2381 3170 80

517 3204 829 3274 tuterisque
856 3208 955 3259 tuo
981 3202 1248 3259 fidentem
1276 3201 1583 3274 praesidio:
1627 3201 1726 3273 qui

516 3284 686 3341 dente
714 3284 1001 3340 Theonino
1026 3301 1152 3339 cum
1181 3283 1620 3353 circumroditur,
1655 3281 1853 3353 ecquid

517 3366 591 3423 ad
621 3371 682 3422 te
707 3370 835 3437 post
860 3364 1028 3437 paulo
1054 3370 1294 3421 ventura
1317 3363 1564 3436 pericula
1591 3363 1804 3420 sentis?

518 3465 654 3504 nam
681 3451 783 3502 tua
807 3464 894 3503 res
920 3447 1121 3518 agitur,
1152 3446 1333 3518 paries
1362 3463 1491 3502 cum
1517 3444 1800 3517 proximus
1828 3442 2000 3512 ardet,

518 3534 578 3586 et
605 3526 854 3584 neclecta
879 3527 1060 3583 solent
1088 3526 1342 3583 incendia
1368 3543 1585 3582 sumere
1612 3526 1774 3582 vires.
2321 3531 2378 3589 85

516 3610 702 3667 dulcis
728 3609 1029 3681 inexpertis
1056 3607 1275 3664 cultura
1301 3608 1546 3679 potentis
1573 3608 1738 3663 amici
1757 3627 1773 3679 3

520 3695 784 3764 expertus
812 3695 1035 3747 metuet.
1124 3695 1207 3761 tu,
1241 3689 1375 3745 dum
1406 3695 1507 3746 tua
1532 3689 1693 3744 navis
1720 3690 1777 3744 in
1806 3686 1921 3742 alto
1948 3689 2050 3753 est,

521 3772 628 3830 hoc
655 3789 773 3845 age,
807 3789 874 3827 ne
902 3776 1122 3827 mutata
1147 3776 1455 3828 retrorsum
1482 3775 1538 3825 te
1566 3770 1712 3826 ferat
1738 3786 1885 3825 aura.
