2792 4334
966 293 1348 348 OARMINUM
1376 300 1505 350 LIB.
1546 301 1627 349 III

722 433 788 484 ut
816 429 1083 487 Proetum
1111 433 1310 490 mulier
1338 436 1549 506 perfida
1577 436 1861 495 credulum

722 509 876 566 falsis
905 512 1174 582 inpulerit
1202 516 1524 573 criminibus
1554 518 1719 572 nimis

802 598 954 648 casto
984 592 1447 667 Bellerophontae

881 680 1162 732 maturare
1191 695 1379 734 necem
1410 680 1592 738 refert

720 762 908 810 narrat
935 772 1109 826 paene
1138 757 1335 814 datum
1366 760 1534 817 Pelea
1561 762 1809 832 TartarO,

720 835 1075 906 Magnessam
1105 838 1454 912 Hippolyten
1482 843 1614 899 dum
1644 844 1790 915 fugit
1820 846 2142 921 abstinens3

800 923 856 972 et
884 934 1108 988 peccare
1136 920 1396 978 docentes

878 997 1051 1054 fallax
1078 1000 1340 1058 historias
1369 1010 1596 1061 movet·
1582 1051 1597 1077 ,

717 1077 924 1134 frustra
947 1101 960 1136 ε
1001 1098 1134 1137 nam
1161 1083 1401 1154 scopulis
1429 1086 1645 1142 surdior
1673 1087 1817 1143 Icari

719 1176 876 1215 voces
905 1161 1065 1218 audit
1092 1162 1273 1219 adhuc
1301 1165 1534 1238 integer,
1563 1173 1623 1223 at
1653 1169 1758 1224 tibi

796 1258 864 1297 ne
891 1241 1109 1299 'vicinus
1138 1244 1383 1317 Enipeus

875 1322 1003 1393 plus
1030 1324 1181 1381 iusto
1208 1327 1425 1397 placeat
1455 1347 1586 1385 cave
1606 1350 1623 1401 3

716 1404 970 1474 quamvis
997 1422 1106 1461 non
1136 1406 1277 1462 alius
1305 1408 1526 1466 flectere
1554 1429 1755 1483 equum
1785 1413 1959 1469 sciens

713 1501 885 1555 aeque
914 1487 1250 1558 conspicitur
1275 1491 1524 1560 gramine
1554 1492 1775 1565 Martio,

796 1583 895 1622 nec
924 1568 1216 1639 quisquam
1245 1571 1391 1626 citus
1418 1589 1591 1644 aeque

876 1646 1054 1704 Tusco
1083 1648 1314 1707 denatat
1342 1652 1515 1709 alveo,

713 1727 890 1798 prima
916 1734 1076 1786 nocte
1106 1729 1330 1788 domum
1360 1733 1554 1791 claude
1583 1753 1759 1806 neque
1789 1738 1846 1792 in
1876 1738 1994 1794 vias

713 1808 818 1865 sub
846 1814 1015 1865 cantu
1043 1812 1302 1882 querulae
1332 1814 1550 1886 despice
1577 1817 1749 1873 tibiae

792 1894 850 1946 et
879 1894 936 1946 te
965 1909 1126 1964 saepe
1155 1896 1376 1950 vocanti

872 1970 1068 2029 duram
1096 1973 1336 2032 difficilis
1364 1995 1540 2034 mane.

1191 2232 1347 2289 VIII

708 2361 932 2419 Martiis
960 2364 1175 2421 caelebs
1202 2366 1339 2437 quid
1366 2385 1529 2438 agam
1557 2368 1844 2443 Kalendis,

708 2444 843 2515 quid
869 2444 1049 2501 velint
1077 2445 1238 2503 flores
1267 2452 1324 2503 et
1352 2467 1538 2505 acerra
1565 2452 1706 2506 turis

707 2524 870 2596 plena
896 2527 1117 2582 miraris
1144 2528 1469 2601 positusque
1498 2530 1661 2588 carbo
1689 2534 1747 2588 111

787 2608 1202 2679 mamm-nm

707 2685 867 2743 docte
895 2705 1172 2745 sermones
1201 2691 1493 2765 utriusque
1520 2692 1595 2747 lin
1603 2711 1754 2766 guae.

704 2754 967 2824 voveram
995 2770 1184 2827 dulces
1212 2771 1405 2843 epulas
1435 2777 1492 2829 et
1520 2773 1710 2830 album

706 2848 907 2905 Libero
935 2868 1163 2922 caprum
1191 2870 1360 2925 prope
1388 2852 1678 2912 funeratus

785 2913 1190 2990 arbom

705 3010 796 3066 hic
822 3011 1115 3105 dies5anno
1143 3013 1411 3071 redeunte
1439 3016 1656 3097 festus,

705 3094 968 3151 corticem
994 3094 1328 3156 adstrictum
1395 3115 1478 3153 lce
1505 3097 1811 3159 dimovebit

703 3190 793 3229 am
834 3158 1001 3231 florae
1027 3161 1247 3232 ffium
1274 3114 1468 3235 hillere
1493 3173 1789 3239 mstlfutae

783 3246 1005 3312 conffle
1033 3241 1209 3314 Tullo,
1478 3258 1817 3283 --....----

700 3315 1217 3410 sum,
1249 3339 1483 3419 Qathos
1509 3344 1675 3414 amici,

700 3417 926 3555 Ψει
954 3424 1181 3476 centum
1207 3427 1269 3478 et
1274 3421 1765 3498 ω

851 3517 881 3555 1·
905 3516 966 3557 111
993 3500 1209 3557 lucem·
1251 3502 1445 3574 procul
1472 3508 1648 3563 omnis
1675 3515 1795 3565 esto

781 3571 987 3639 cffimor
1013 3572 1072 3638 et
1099 3600 1198 3640 1ra.

684 3661 1662 3758 Q:

702 3743 899 3800 occidit
928 3744 1070 3802 Daci
1098 3745 1380 3803 Cotisonls
1407 3766 1620 3820 agmen,

1253 3850 1294 3896 E

2279 317 2443 384 49,

2292 633 2346 678 Ῑ5

2286 1039 2346 1070 20

2280 1441 2337 1485 25

2278 1846 2338 1890 30

2276 3130 2331 3161 10
