<?xml version="1.0" encoding="UTF-8"?>
<!DOCTYPE html PUBLIC "-//W3C//DTD XHTML 1.0 Transitional//EN"
    "http://www.w3.org/TR/xhtml1/DTD/xhtml1-transitional.dtd">
<html xmlns="http://www.w3.org/1999/xhtml" xml:lang="en" lang="en">
 <head>
  <title>
</title>
<meta http-equiv="Content-Type" content="text/html;charset=utf-8" />
  <meta name='ocr-system' content='tesseract 3.04.00' />
  <meta name='ocr-capabilities' content='ocr_page ocr_carea ocr_par ocr_line ocrx_word'/>
</head>
<body>
  <div class='ocr_page' id='page_1' title='image "./opera00pagegoog_0078.png"; bbox 0 0 2792 4334; ppageno 0'>
   <div class='ocr_carea' id='block_1_1' title="bbox 499 301 562 378">
    <p class='ocr_par' dir='ltr' id='par_1_1' title="bbox 499 301 562 378">
     <span class='ocr_line' id='line_1_1' title="bbox 499 301 562 378; baseline 0 -29"><span class='ocrx_word' id='word_1_1' title='bbox 499 301 562 378; x_wconf 69' lang='grc'>50</span> 
     </span>
    </p>
   </div>
   <div class='ocr_carea' id='block_1_2' title="bbox 1220 297 1855 359">
    <p class='ocr_par' dir='ltr' id='par_1_2' title="bbox 1220 297 1855 359">
     <span class='ocr_line' id='line_1_2' title="bbox 1220 297 1855 359; baseline 0.003 -12"><span class='ocrx_word' id='word_1_2' title='bbox 1220 298 1276 359; x_wconf 76' lang='lat' dir='ltr'>Q.</span> <span class='ocrx_word' id='word_1_3' title='bbox 1315 297 1576 349; x_wconf 88' lang='lat' dir='ltr'><strong>HORATI</strong></span> <span class='ocrx_word' id='word_1_4' title='bbox 1615 298 1855 349; x_wconf 87' lang='lat' dir='ltr'>FLACCI</span> 
     </span>
    </p>
   </div>
   <div class='ocr_carea' id='block_1_3' title="bbox 972 432 2003 750">
    <p class='ocr_par' dir='ltr' id='par_1_3' title="bbox 972 432 1862 592">
     <span class='ocr_line' id='line_1_3' title="bbox 972 432 1862 512; baseline 0 -22"><span class='ocrx_word' id='word_1_5' title='bbox 972 433 1174 512; x_wconf 65' lang='lat' dir='ltr'>Medus</span> <span class='ocrx_word' id='word_1_6' title='bbox 1201 432 1436 501; x_wconf 59' lang='lat' dir='ltr'>infestus</span> <span class='ocrx_word' id='word_1_7' title='bbox 1466 434 1573 490; x_wconf 85' lang='lat' dir='ltr'>sibi</span> <span class='ocrx_word' id='word_1_8' title='bbox 1598 434 1862 504; x_wconf 56' lang='lat' dir='ltr'>luctuum</span> 
     </span>
     <span class='ocr_line' id='line_1_4' title="bbox 1053 515 1499 592; baseline -0.013 0"><span class='ocrx_word' id='word_1_9' title='bbox 1053 515 1499 592; x_wconf 51' lang='lat' dir='ltr'>affl,</span> 
     </span>
    </p>

    <p class='ocr_par' dir='ltr' id='par_1_4' title="bbox 972 596 2003 668">
     <span class='ocr_line' id='line_1_5' title="bbox 972 596 2003 668; baseline 0 -14"><span class='ocrx_word' id='word_1_10' title='bbox 972 599 1143 654; x_wconf 87' lang='lat' dir='ltr'>servit</span> <span class='ocrx_word' id='word_1_11' title='bbox 1173 596 1456 668; x_wconf 80' lang='lat' dir='ltr'>Hispanae</span> <span class='ocrx_word' id='word_1_12' title='bbox 1485 601 1646 653; x_wconf 87' lang='lat' dir='ltr'>vetus</span> <span class='ocrx_word' id='word_1_13' title='bbox 1673 597 1851 654; x_wconf 84' lang='lat' dir='ltr'>hostis</span> <span class='ocrx_word' id='word_1_14' title='bbox 1878 615 2003 655; x_wconf 89' lang='lat' dir='ltr'>orae</span> 
     </span>
    </p>

    <p class='ocr_par' dir='ltr' id='par_1_5' title="bbox 972 676 1910 750">
     <span class='ocr_line' id='line_1_6' title="bbox 972 676 1910 750; baseline 0.001 -15"><span class='ocrx_word' id='word_1_15' title='bbox 972 678 1253 735; x_wconf 79' lang='lat' dir='ltr'>Cantaber</span> <span class='ocrx_word' id='word_1_16' title='bbox 1279 695 1400 734; x_wconf 85' lang='lat' dir='ltr'>sera</span> <span class='ocrx_word' id='word_1_17' title='bbox 1429 676 1672 734; x_wconf 89' lang='lat' dir='ltr'>domitus</span> <span class='ocrx_word' id='word_1_18' title='bbox 1702 685 1910 750; x_wconf 88' lang='lat' dir='ltr'>catena,</span> 
     </span>
    </p>
   </div>
   <div class='ocr_carea' id='block_1_4' title="bbox 970 759 2019 830">
    <p class='ocr_par' dir='ltr' id='par_1_6' title="bbox 970 759 2019 830">
     <span class='ocr_line' id='line_1_7' title="bbox 970 759 2019 830; baseline 0.002 -16"><span class='ocrx_word' id='word_1_19' title='bbox 970 760 1082 823; x_wconf 79' lang='lat' dir='ltr'>iam</span> <span class='ocrx_word' id='word_1_20' title='bbox 1105 759 1343 830; x_wconf 67' lang='lat' dir='ltr'>Scxthae</span> <span class='ocrx_word' id='word_1_21' title='bbox 1369 759 1497 815; x_wconf 86' lang='lat' dir='ltr'>laxo</span> <span class='ocrx_word' id='word_1_22' title='bbox 1524 760 1671 816; x_wconf 89' lang='lat' dir='ltr'>medi</span> <span class='ocrx_word' id='word_1_23' title='bbox 1925 779 2019 821; x_wconf 83' lang='lat' dir='ltr'>rcu</span> 
     </span>
    </p>
   </div>
   <div class='ocr_carea' id='block_1_5' title="bbox 1038 840 1454 916">
    <p class='ocr_par' dir='ltr' id='par_1_7' title="bbox 1038 840 1454 916">
     <span class='ocr_line' id='line_1_8' title="bbox 1038 840 1454 916; baseline -0.006 -18.91"><span class='ocrx_word' id='word_1_24' title='bbox 1038 840 1454 916; x_wconf 82' lang='lat' dir='ltr'>cedere</span> <span class='ocrx_word' id='word_1_25' title='bbox 1331 858 1387 895; x_wconf 92' lang='lat' dir='ltr'><strong>m</strong></span> 
     </span>
    </p>
   </div>
   <div class='ocr_carea' id='block_1_6' title="bbox 970 922 2092 1157">
    <p class='ocr_par' dir='ltr' id='par_1_8' title="bbox 970 922 2092 1157">
     <span class='ocr_line' id='line_1_9' title="bbox 971 922 2028 999; baseline -0.005 -1"><span class='ocrx_word' id='word_1_26' title='bbox 971 922 2028 999; x_wconf 58' lang='lat' dir='ltr'>Qfflnampulus-labm,</span> 
     </span>
     <span class='ocr_line' id='line_1_10' title="bbox 970 1004 1975 1141; baseline -0.008 -55"><span class='ocrx_word' id='word_1_27' title='bbox 970 1004 1890 1141; x_wconf 52' lang='lat' dir='ltr'><em>Q</em></span> <span class='ocrx_word' id='word_1_28' title='bbox 1917 1009 1975 1061; x_wconf 76' lang='lat' dir='ltr'>et</span> 
     </span>
     <span class='ocr_line' id='line_1_11' title="bbox 1010 1085 2092 1157; baseline 0.002 -16"><span class='ocrx_word' id='word_1_29' title='bbox 1010 1103 1114 1141; x_wconf 91' lang='lat' dir='ltr'>ona</span> <span class='ocrx_word' id='word_1_30' title='bbox 1141 1088 1444 1156; x_wconf 82' lang='lat' dir='ltr'>praesentis</span> <span class='ocrx_word' id='word_1_31' title='bbox 1472 1102 1602 1157; x_wconf 86' lang='lat' dir='ltr'>cape</span> <span class='ocrx_word' id='word_1_32' title='bbox 1628 1085 1807 1142; x_wconf 85' lang='lat' dir='ltr'>laetus</span> <span class='ocrx_word' id='word_1_33' title='bbox 1836 1086 2001 1143; x_wconf 88' lang='lat' dir='ltr'>horae</span> <span class='ocrx_word' id='word_1_34' title='bbox 2029 1105 2092 1143; x_wconf 89' lang='lat' dir='ltr'>ac</span> 
     </span>
    </p>
   </div>
   <div class='ocr_carea' id='block_1_7' title="bbox 1051 1166 1529 1238">
    <p class='ocr_par' dir='ltr' id='par_1_9' title="bbox 1051 1166 1529 1238">
     <span class='ocr_line' id='line_1_12' title="bbox 1051 1166 1529 1238; baseline 0 -16"><span class='ocrx_word' id='word_1_35' title='bbox 1051 1166 1239 1238; x_wconf 89' lang='lat' dir='ltr'>linque</span> <span class='ocrx_word' id='word_1_36' title='bbox 1266 1183 1470 1223; x_wconf 85' lang='lat' dir='ltr'>severa.</span> <span class='ocrx_word' id='word_1_37' title='bbox 1525 1219 1529 1223; x_wconf 76' lang='grc'>,</span> 
     </span>
    </p>
   </div>
   <div class='ocr_carea' id='block_1_8' title="bbox 1493 1394 1580 1450">
    <p class='ocr_par' dir='ltr' id='par_1_10' title="bbox 1493 1394 1580 1450">
     <span class='ocr_line' id='line_1_13' title="bbox 1493 1394 1580 1450; baseline 0.011 -1"><span class='ocrx_word' id='word_1_38' title='bbox 1493 1394 1580 1450; x_wconf 87' lang='grc' dir='ltr'>ΙΧ</span> 
     </span>
    </p>
   </div>
   <div class='ocr_carea' id='block_1_9' title="bbox 890 1549 2181 1742">
    <p class='ocr_par' dir='ltr' id='par_1_11' title="bbox 890 1549 2181 1711">
     <span class='ocr_line' id='line_1_14' title="bbox 890 1549 1623 1642; baseline 0.004 -37"><span class='ocrx_word' id='word_1_39' title='bbox 890 1549 1080 1606; x_wconf 90' lang='lat' dir='ltr'>Donec</span> <span class='ocrx_word' id='word_1_40' title='bbox 1105 1555 1296 1642; x_wconf 78' lang='lat' dir='ltr'>gratus</span> <span class='ocrx_word' id='word_1_41' title='bbox 1324 1568 1473 1607; x_wconf 89' lang='lat' dir='ltr'>eram</span> <span class='ocrx_word' id='word_1_42' title='bbox 1502 1552 1623 1621; x_wconf 87' lang='lat' dir='ltr'>tibi,</span> 
     </span>
     <span class='ocr_line' id='line_1_15' title="bbox 970 1633 2181 1742; baseline 0.005 -55"><span class='ocrx_word' id='word_1_43' title='bbox 970 1649 1072 1687; x_wconf 92' lang='lat' dir='ltr'>nec</span> <span class='ocrx_word' id='word_1_44' title='bbox 1098 1633 1389 1704; x_wconf 87' lang='lat' dir='ltr'>quisquam</span> <span class='ocrx_word' id='word_1_45' title='bbox 1422 1634 1602 1711; x_wconf 58' lang='lat' dir='ltr'>EQJOE&#39;</span> <span class='ocrx_word' id='word_1_46' title='bbox 1629 1635 1886 1742; x_wconf 86' lang='lat' dir='ltr'>bracchia</span> <span class='ocrx_word' id='word_1_47' title='bbox 1915 1636 2181 1694; x_wconf 88' lang='lat' dir='ltr'>candidae</span> 
     </span>
    </p>
   </div>
   <div class='ocr_carea' id='block_1_10' title="bbox 890 1712 1854 1867">
    <p class='ocr_par' dir='ltr' id='par_1_12' title="bbox 890 1712 1841 1867">
     <span class='ocr_line' id='line_1_16' title="bbox 890 1712 1545 1791; baseline 0.003 -24"><span class='ocrx_word' id='word_1_48' title='bbox 890 1712 1095 1785; x_wconf 65' lang='lat' dir='ltr'><em>Q</em></span> <span class='ocrx_word' id='word_1_49' title='bbox 1115 1714 1329 1769; x_wconf 87' lang='lat' dir='ltr'>iuvenis</span> <span class='ocrx_word' id='word_1_50' title='bbox 1357 1713 1545 1791; x_wconf 62' lang='lat' dir='ltr'>Q,</span> 
     </span>
     <span class='ocr_line' id='line_1_17' title="bbox 970 1793 1854 1867; baseline 0.003 -18"><span class='ocrx_word' id='word_1_51' title='bbox 970 1793 1262 1850; x_wconf 83' lang='lat' dir='ltr'>Persarum</span> <span class='ocrx_word' id='word_1_52' title='bbox 1291 1794 1445 1866; x_wconf 85' lang='lat' dir='ltr'>vigui</span> <span class='ocrx_word' id='word_1_53' title='bbox 1473 1813 1598 1867; x_wconf 85' lang='lat' dir='ltr'>rege</span> <span class='ocrx_word' id='word_1_54' title='bbox 1626 1797 1854 1855; x_wconf 90' lang='lat' dir='ltr'>beatior.</span> 
     </span>
    </p>
   </div>
   <div class='ocr_carea' id='block_1_11' title="bbox 888 1940 2140 2257">
    <p class='ocr_par' dir='ltr' id='par_1_13' title="bbox 889 1940 1535 2014">
     <span class='ocr_line' id='line_1_18' title="bbox 889 1940 1535 2014; baseline 0.005 -18"><span class='ocrx_word' id='word_1_55' title='bbox 889 1940 1061 1996; x_wconf 91' lang='lat' dir='ltr'>donec</span> <span class='ocrx_word' id='word_1_56' title='bbox 1085 1959 1195 1997; x_wconf 93' lang='lat' dir='ltr'>non</span> <span class='ocrx_word' id='word_1_57' title='bbox 1225 1941 1332 1998; x_wconf 89' lang='lat' dir='ltr'>alia</span> <span class='ocrx_word' id='word_1_58' title='bbox 1360 1944 1535 2014; x_wconf 85' lang='lat' dir='ltr'>magis</span> 
     </span>
    </p>

    <p class='ocr_par' dir='ltr' id='par_1_14' title="bbox 888 2022 2140 2177">
     <span class='ocr_line' id='line_1_19' title="bbox 967 2022 2140 2097; baseline 0.006 -21"><span class='ocrx_word' id='word_1_59' title='bbox 967 2022 1166 2093; x_wconf 77' lang='lat' dir='ltr'>arsisti,</span> <span class='ocrx_word' id='word_1_60' title='bbox 1201 2041 1375 2095; x_wconf 85' lang='lat' dir='ltr'>neque</span> <span class='ocrx_word' id='word_1_61' title='bbox 1405 2029 1523 2080; x_wconf 86' lang='lat' dir='ltr'>erat</span> <span class='ocrx_word' id='word_1_62' title='bbox 1550 2024 1731 2097; x_wconf 88' lang='lat' dir='ltr'>Lydia</span> <span class='ocrx_word' id='word_1_63' title='bbox 1756 2030 1886 2096; x_wconf 88' lang='lat' dir='ltr'>post</span> <span class='ocrx_word' id='word_1_64' title='bbox 1914 2025 2140 2097; x_wconf 81' lang='lat' dir='ltr'>Chloen,</span> 
     </span>
     <span class='ocr_line' id='line_1_20' title="bbox 888 2102 1526 2177; baseline 0.005 -19"><span class='ocrx_word' id='word_1_65' title='bbox 888 2102 1056 2159; x_wconf 88' lang='lat' dir='ltr'>multi</span> <span class='ocrx_word' id='word_1_66' title='bbox 1081 2103 1261 2173; x_wconf 80' lang='lat' dir='ltr'>Lydia</span> <span class='ocrx_word' id='word_1_67' title='bbox 1280 2106 1526 2177; x_wconf 65' lang='lat' dir='ltr'>nominis</span> 
     </span>
    </p>

    <p class='ocr_par' dir='ltr' id='par_1_15' title="bbox 968 2184 1779 2257">
     <span class='ocr_line' id='line_1_21' title="bbox 968 2184 1779 2257; baseline 0.004 -18"><span class='ocrx_word' id='word_1_68' title='bbox 968 2184 1221 2241; x_wconf 87' lang='lat' dir='ltr'>Romana</span> <span class='ocrx_word' id='word_1_69' title='bbox 1240 2186 1392 2257; x_wconf 83' lang='lat' dir='ltr'>vigui</span> <span class='ocrx_word' id='word_1_70' title='bbox 1422 2185 1616 2242; x_wconf 89' lang='lat' dir='ltr'>clarior</span> <span class='ocrx_word' id='word_1_71' title='bbox 1645 2186 1779 2243; x_wconf 85' lang='lat' dir='ltr'>Ilia.-</span> 
     </span>
    </p>
   </div>
   <div class='ocr_carea' id='block_1_12' title="bbox 886 2327 2130 2693">
    <p class='ocr_par' dir='ltr' id='par_1_16' title="bbox 887 2327 1800 2401">
     <span class='ocr_line' id='line_1_22' title="bbox 887 2327 1800 2401; baseline 0.003 -18"><span class='ocrx_word' id='word_1_72' title='bbox 887 2345 975 2384; x_wconf 92' lang='lat' dir='ltr'>me</span> <span class='ocrx_word' id='word_1_73' title='bbox 1005 2345 1150 2383; x_wconf 88' lang='lat' dir='ltr'>nunc</span> <span class='ocrx_word' id='word_1_74' title='bbox 1180 2327 1415 2384; x_wconf 82' lang='lat' dir='ltr'>Thressa</span> <span class='ocrx_word' id='word_1_75' title='bbox 1444 2327 1614 2385; x_wconf 81' lang='lat' dir='ltr'>Chloe</span> <span class='ocrx_word' id='word_1_76' title='bbox 1642 2331 1800 2401; x_wconf 85' lang='lat' dir='ltr'>regit,</span> 
     </span>
    </p>

    <p class='ocr_par' dir='ltr' id='par_1_17' title="bbox 886 2408 2130 2562">
     <span class='ocr_line' id='line_1_23' title="bbox 966 2408 2130 2489; baseline 0.004 -25"><span class='ocrx_word' id='word_1_77' title='bbox 966 2408 1151 2465; x_wconf 79' lang='lat' dir='ltr'>dulces</span> <span class='ocrx_word' id='word_1_78' title='bbox 1181 2409 1644 2489; x_wconf 54' lang='lat' dir='ltr'>Q&amp;</span> <span class='ocrx_word' id='word_1_79' title='bbox 1673 2411 1914 2467; x_wconf 76' lang='lat' dir='ltr'>citharae</span> <span class='ocrx_word' id='word_1_80' title='bbox 1941 2412 2130 2483; x_wconf 73' lang='lat' dir='ltr'>scienS,</span> 
     </span>
     <span class='ocr_line' id='line_1_24' title="bbox 886 2493 1717 2563; baseline 0.002 -18"><span class='ocrx_word' id='word_1_81' title='bbox 886 2508 985 2562; x_wconf 92' lang='lat' dir='ltr'>pro</span> <span class='ocrx_word' id='word_1_82' title='bbox 1015 2508 1122 2561; x_wconf 89' lang='lat' dir='ltr'>qua</span> <span class='ocrx_word' id='word_1_83' title='bbox 1149 2509 1258 2546; x_wconf 87' lang='lat' dir='ltr'>non</span> <span class='ocrx_word' id='word_1_84' title='bbox 1288 2497 1533 2547; x_wconf 84' lang='lat' dir='ltr'>metuam</span> <span class='ocrx_word' id='word_1_85' title='bbox 1562 2493 1717 2563; x_wconf 87' lang='lat' dir='ltr'>mori,</span> 
     </span>
    </p>

    <p class='ocr_par' dir='ltr' id='par_1_18' title="bbox 966 2572 1985 2693">
     <span class='ocr_line' id='line_1_25' title="bbox 966 2572 1985 2693; baseline 0.005 -68"><span class='ocrx_word' id='word_1_86' title='bbox 966 2572 1267 2693; x_wconf 65' lang='lat' dir='ltr'>Qut</span> <span class='ocrx_word' id='word_1_87' title='bbox 1296 2591 1513 2629; x_wconf 85' lang='lat' dir='ltr'>ammae</span> <span class='ocrx_word' id='word_1_88' title='bbox 1536 2574 1665 2665; x_wconf 78' lang='lat' dir='ltr'>fata</span> <span class='ocrx_word' id='word_1_89' title='bbox 1688 2575 1985 2645; x_wconf 82' lang='lat' dir='ltr'>superstitl</span> 
     </span>
    </p>
   </div>
   <div class='ocr_carea' id='block_1_13' title="bbox 1177 2652 1964 2680">
    <p class='ocr_par' dir='ltr' id='par_1_19' title="bbox 1177 2652 1964 2680">
     <span class='ocr_line' id='line_1_26' title="bbox 1177 2652 1964 2680; baseline -0.014 0"><span class='ocrx_word' id='word_1_90' title='bbox 1177 2675 1180 2677; x_wconf 84' lang='lat'><em>-</em></span> <span class='ocrx_word' id='word_1_91' title='bbox 1203 2662 1363 2680; x_wconf 48' lang='lat' dir='ltr'>samum-17³*</span> <span class='ocrx_word' id='word_1_92' title='bbox 1838 2652 1964 2669; x_wconf 59' lang='lat' dir='ltr'>ml</span> 
     </span>
    </p>
   </div>
   <div class='ocr_carea' id='block_1_14' title="bbox 887 2718 1934 3035">
    <p class='ocr_par' dir='ltr' id='par_1_20' title="bbox 887 2718 1545 2774">
     <span class='ocr_line' id='line_1_27' title="bbox 887 2718 1545 2774; baseline 0.002 -1"><span class='ocrx_word' id='word_1_93' title='bbox 887 2734 975 2774; x_wconf 87' lang='lat' dir='ltr'>me</span> <span class='ocrx_word' id='word_1_94' title='bbox 1004 2722 1176 2774; x_wconf 85' lang='lat' dir='ltr'>torret</span> <span class='ocrx_word' id='word_1_95' title='bbox 1204 2718 1319 2774; x_wconf 89' lang='lat' dir='ltr'>face</span> <span class='ocrx_word' id='word_1_96' title='bbox 1348 2724 1545 2774; x_wconf 88' lang='lat' dir='ltr'>mutua</span> 
     </span>
    </p>

    <p class='ocr_par' dir='ltr' id='par_1_21' title="bbox 887 2798 1835 2952">
     <span class='ocr_line' id='line_1_28' title="bbox 967 2798 1835 2871; baseline 0.003 -17"><span class='ocrx_word' id='word_1_97' title='bbox 967 2799 1201 2854; x_wconf 83' lang='lat' dir='ltr'>Thurini</span> <span class='ocrx_word' id='word_1_98' title='bbox 1230 2798 1414 2856; x_wconf 84' lang='lat' dir='ltr'>Calais</span> <span class='ocrx_word' id='word_1_99' title='bbox 1444 2799 1589 2855; x_wconf 89' lang='lat' dir='ltr'>filius</span> <span class='ocrx_word' id='word_1_100' title='bbox 1619 2800 1835 2871; x_wconf 86' lang='lat' dir='ltr'>Ornyti,</span> 
     </span>
     <span class='ocr_line' id='line_1_29' title="bbox 887 2880 1634 2952; baseline 0.001 -17"><span class='ocrx_word' id='word_1_101' title='bbox 887 2898 988 2952; x_wconf 87' lang='lat' dir='ltr'>pro</span> <span class='ocrx_word' id='word_1_102' title='bbox 1016 2898 1121 2951; x_wconf 91' lang='lat' dir='ltr'>quo</span> <span class='ocrx_word' id='word_1_103' title='bbox 1155 2880 1240 2936; x_wconf 87' lang='lat' dir='ltr'>his</span> <span class='ocrx_word' id='word_1_104' title='bbox 1272 2881 1455 2952; x_wconf 87' lang='lat' dir='ltr'>patiar</span> <span class='ocrx_word' id='word_1_105' title='bbox 1481 2882 1634 2951; x_wconf 90' lang='lat' dir='ltr'>mori,</span> 
     </span>
    </p>

    <p class='ocr_par' dir='ltr' id='par_1_22' title="bbox 967 2962 1934 3035">
     <span class='ocr_line' id='line_1_30' title="bbox 967 2962 1934 3035; baseline 0.002 -18"><span class='ocrx_word' id='word_1_106' title='bbox 967 2963 1015 3018; x_wconf 89' lang='lat' dir='ltr'>si</span> <span class='ocrx_word' id='word_1_107' title='bbox 1042 2966 1266 3033; x_wconf 84' lang='lat' dir='ltr'>parcent</span> <span class='ocrx_word' id='word_1_108' title='bbox 1295 2980 1465 3033; x_wconf 88' lang='lat' dir='ltr'>puero</span> <span class='ocrx_word' id='word_1_109' title='bbox 1491 2962 1608 3018; x_wconf 85' lang='lat' dir='ltr'>fata</span> <span class='ocrx_word' id='word_1_110' title='bbox 1636 2964 1934 3035; x_wconf 89' lang='lat' dir='ltr'>superstiti.</span> 
     </span>
    </p>
   </div>
   <div class='ocr_carea' id='block_1_15' title="bbox 887 3109 1693 3183">
    <p class='ocr_par' dir='ltr' id='par_1_23' title="bbox 887 3109 1693 3183">
     <span class='ocr_line' id='line_1_31' title="bbox 887 3109 1693 3183; baseline -0.002 -16"><span class='ocrx_word' id='word_1_111' title='bbox 887 3110 1024 3183; x_wconf 86' lang='lat' dir='ltr'>quid</span> <span class='ocrx_word' id='word_1_112' title='bbox 1051 3110 1099 3166; x_wconf 88' lang='lat' dir='ltr'>si</span> <span class='ocrx_word' id='word_1_113' title='bbox 1125 3111 1302 3181; x_wconf 87' lang='lat' dir='ltr'>prisca</span> <span class='ocrx_word' id='word_1_114' title='bbox 1329 3109 1474 3166; x_wconf 87' lang='lat' dir='ltr'>redit</span> <span class='ocrx_word' id='word_1_115' title='bbox 1501 3109 1693 3166; x_wconf 86' lang='lat' dir='ltr'>Venus</span> 
     </span>
    </p>
   </div>
   <div class='ocr_carea' id='block_1_16' title="bbox 887 3183 1963 3572">
    <p class='ocr_par' dir='ltr' id='par_1_24' title="bbox 967 3183 1869 3328">
     <span class='ocr_line' id='line_1_32' title="bbox 967 3183 1869 3328; baseline 0.002 -67"><span class='ocrx_word' id='word_1_116' title='bbox 967 3183 1869 3328; x_wconf 51' lang='lat' dir='ltr'>QQQ</span> 
     </span>
    </p>

    <p class='ocr_par' dir='ltr' id='par_1_25' title="bbox 887 3273 1963 3426">
     <span class='ocr_line' id='line_1_33' title="bbox 887 3273 1617 3343; baseline -0.001 -14"><span class='ocrx_word' id='word_1_117' title='bbox 887 3275 935 3330; x_wconf 92' lang='lat' dir='ltr'>si</span> <span class='ocrx_word' id='word_1_118' title='bbox 962 3273 1107 3329; x_wconf 87' lang='lat' dir='ltr'>flava</span> <span class='ocrx_word' id='word_1_119' title='bbox 1136 3273 1417 3343; x_wconf 63' lang='lat' dir='ltr'>excutitur</span> <span class='ocrx_word' id='word_1_120' title='bbox 1554 3290 1617 3328; x_wconf 89' lang='lat' dir='ltr'>oe</span> 
     </span>
     <span class='ocr_line' id='line_1_34' title="bbox 969 3353 1963 3426; baseline 0 -16"><span class='ocrx_word' id='word_1_121' title='bbox 969 3355 1306 3426; x_wconf 88' lang='lat' dir='ltr'>reiectaeque</span> <span class='ocrx_word' id='word_1_122' title='bbox 1333 3358 1492 3425; x_wconf 86' lang='lat' dir='ltr'>patet</span> <span class='ocrx_word' id='word_1_123' title='bbox 1518 3354 1686 3409; x_wconf 91' lang='lat' dir='ltr'>ianua</span> <span class='ocrx_word' id='word_1_124' title='bbox 1712 3353 1920 3424; x_wconf 88' lang='lat' dir='ltr'>Lydiae</span> <span class='ocrx_word' id='word_1_125' title='bbox 1941 3353 1963 3410; x_wconf 73' lang='grc' dir='ltr'>’.ἱ</span> 
     </span>
    </p>

    <p class='ocr_par' dir='ltr' id='par_1_26' title="bbox 887 3497 1728 3572">
     <span class='ocr_line' id='line_1_35' title="bbox 887 3497 1728 3572; baseline -0.002 -17"><span class='ocrx_word' id='word_1_126' title='bbox 887 3517 1220 3572; x_wconf 87' lang='lat' dir='ltr'>quamquam</span> <span class='ocrx_word' id='word_1_127' title='bbox 1249 3498 1425 3554; x_wconf 85' lang='lat' dir='ltr'>sidere</span> <span class='ocrx_word' id='word_1_128' title='bbox 1452 3497 1728 3570; x_wconf 87' lang='lat' dir='ltr'>pulchrior</span> 
     </span>
    </p>
   </div>
   <div class='ocr_carea' id='block_1_17' title="bbox 888 3579 2051 3731">
    <p class='ocr_par' dir='ltr' id='par_1_27' title="bbox 888 3579 2051 3718">
     <span class='ocr_line' id='line_1_36' title="bbox 968 3579 2051 3665; baseline 0 -30"><span class='ocrx_word' id='word_1_129' title='bbox 968 3581 1061 3636; x_wconf 92' lang='lat' dir='ltr'>ille</span> <span class='ocrx_word' id='word_1_130' title='bbox 1088 3585 1188 3652; x_wconf 86' lang='lat' dir='ltr'>est,</span> <span class='ocrx_word' id='word_1_131' title='bbox 1221 3585 1285 3635; x_wconf 92' lang='lat' dir='ltr'>tu</span> <span class='ocrx_word' id='word_1_132' title='bbox 1310 3579 1485 3636; x_wconf 87' lang='lat' dir='ltr'>levior</span> <span class='ocrx_word' id='word_1_133' title='bbox 1512 3581 1709 3635; x_wconf 91' lang='lat' dir='ltr'>cortice</span> <span class='ocrx_word' id='word_1_134' title='bbox 1737 3584 1796 3635; x_wconf 87' lang='lat' dir='ltr'>et</span> <span class='ocrx_word' id='word_1_135' title='bbox 1821 3579 2051 3665; x_wconf 76' lang='lat' dir='ltr'>inprobo</span> 
     </span>
     <span class='ocr_line' id='line_1_37' title="bbox 888 3661 1454 3731; baseline -0.004 -13"><span class='ocrx_word' id='word_1_136' title='bbox 888 3662 1197 3718; x_wconf 89' lang='lat' dir='ltr'>iracundior</span> <span class='ocrx_word' id='word_1_137' title='bbox 1225 3661 1454 3731; x_wconf 88' lang='lat' dir='ltr'>Hadria,</span> 
     </span>
    </p>
   </div>
   <div class='ocr_carea' id='block_1_18' title="bbox 972 3742 2250 3814">
    <p class='ocr_par' dir='ltr' id='par_1_28' title="bbox 972 3742 2250 3814">
     <span class='ocr_line' id='line_1_38' title="bbox 972 3742 2250 3814; baseline 0.002 -14"><span class='ocrx_word' id='word_1_138' title='bbox 972 3749 1154 3801; x_wconf 83' lang='lat' dir='ltr'>tecum</span> <span class='ocrx_word' id='word_1_139' title='bbox 1185 3744 1368 3799; x_wconf 88' lang='lat' dir='ltr'>vivere</span> <span class='ocrx_word' id='word_1_140' title='bbox 1397 3759 1590 3814; x_wconf 90' lang='lat' dir='ltr'>amem,</span> <span class='ocrx_word' id='word_1_141' title='bbox 1626 3747 1810 3799; x_wconf 87' lang='lat' dir='ltr'>tecum</span> <span class='ocrx_word' id='word_1_142' title='bbox 1838 3742 2029 3801; x_wconf 87' lang='lat' dir='ltr'>obeam</span> <span class='ocrx_word' id='word_1_143' title='bbox 2057 3742 2250 3803; x_wconf 72' lang='lat' dir='ltr'>libenS.</span> 
     </span>
    </p>
   </div>
   <div class='ocr_carea' id='block_1_19' title="bbox 2526 538 2586 568">
    <p class='ocr_par' dir='ltr' id='par_1_29' title="bbox 2526 538 2586 568">
     <span class='ocr_line' id='line_1_39' title="bbox 2526 538 2586 568; baseline 0 0"><span class='ocrx_word' id='word_1_144' title='bbox 2526 538 2586 568; x_wconf 85' lang='lat'>20</span> 
     </span>
    </p>
   </div>
   <div class='ocr_carea' id='block_1_20' title="bbox 2531 2439 2587 2470">
    <p class='ocr_par' dir='ltr' id='par_1_30' title="bbox 2531 2439 2587 2470">
     <span class='ocr_line' id='line_1_40' title="bbox 2531 2439 2587 2470; baseline 0.018 -1"><span class='ocrx_word' id='word_1_145' title='bbox 2531 2439 2587 2470; x_wconf 89' lang='lat'>10</span> 
     </span>
    </p>
   </div>
   <div class='ocr_carea' id='block_1_21' title="bbox 2525 3379 2588 3411">
    <p class='ocr_par' dir='ltr' id='par_1_31' title="bbox 2525 3379 2588 3411">
     <span class='ocr_line' id='line_1_41' title="bbox 2525 3379 2588 3411; baseline 0 0"><span class='ocrx_word' id='word_1_146' title='bbox 2525 3379 2588 3411; x_wconf 84' lang='lat'>20</span> 
     </span>
    </p>
   </div>
  </div>
 </body>
</html>
