2792 4334
954 296 1344 346 SERMONUM
1380 297 1512 346 LIB.
1553 298 1591 346 Ι.
1632 298 1660 344 8

426 435 654 490 Persius
683 433 956 489 exclamat
980 455 991 490 z
1042 436 1056 462 ‘
1072 451 1169 504 per
1195 452 1441 505 magnos&
1476 434 1666 501 Brute,
1696 431 1826 487 deos
1857 437 1912 487 te

424 535 536 586 οπο,
568 515 670 585 qui
696 532 852 586 reges
881 515 1157 570 consueris
1186 515 1394 584 tollere,
1427 533 1526 571 cur
1552 532 1662 570 non

2272 301 2370 351 115

423 597 573 653 hunc
603 594 815 668 Regem
841 594 1098 675 iugulas?
1138 614 1365 668 operum
1392 596 1513 668 hoc,
1547 595 1684 651 mihi
1711 593 1885 665 erede,
1920 600 2137 652 tuorum
2167 598 2290 655 est.'
2317 621 2375 668 35

1252 796 1407 853 VIII

424 916 576 974 Olim
607 918 840 972 truncus
868 934 1018 972 eram
1046 916 1300 988 ficulnus,
1334 917 1537 973 inutile
1564 915 1792 987 lignum,

425 1015 553 1053 cum
582 996 755 1068 faber,
786 999 1033 1054 incertus
1059 1016 1348 1054 scamnum
1376 998 1657 1054 faceretne
1687 997 1966 1066 Priapum,

424 1078 629 1135 maluit
657 1096 775 1134 esse
804 1079 986 1137 deum.
1076 1079 1214 1135 deus
1242 1079 1372 1134 inde
1402 1097 1519 1150 ego,
1552 1078 1741 1133 furum
1770 1078 2068 1148 aviumque

423 1160 673 1216 maxima
699 1159 935 1216 formido
954 1180 972 1231 3
1013 1177 1145 1216 nam
1173 1159 1324 1216 fures
1354 1159 1555 1215 dextra
1584 1163 1794 1214 coercet
1820 1179 1833 1214 :

424 1246 513 1297 ast
541 1240 873 1312 inportunas
900 1241 1149 1298 volucres
1177 1242 1236 1296 in
1265 1242 1475 1297 vertice
1504 1239 1755 1295 harundo

424 1325 599 1378 terret
627 1321 742 1377 fixa
767 1326 1036 1394 vetatque
1063 1323 1222 1378 novis
1254 1321 1535 1378 considere
1562 1322 1622 1376 in
1651 1321 1841 1376 hortis

424 1402 534 1458 huc
560 1404 718 1474 prius
745 1405 999 1474 angustis
1028 1404 1205 1459 eiecta
1235 1403 1508 1459 cadavera
1535 1401 1687 1458 cellis

423 1502 723 1540 conservus
749 1484 851 1541 vffi
877 1485 1152 1556 portanda
1179 1484 1403 1540 locabat
1427 1484 1491 1539 in
1520 1502 1681 1556 arca;

423 1564 528 1621 hoc
555 1566 790 1622 miserae
818 1564 968 1638 plebi
995 1565 1185 1622 stabat
1216 1583 1507 1621 commune
1534 1564 1902 1636 sepulchrum,

424 1646 738 1703 Pantolabo
765 1664 984 1703 scurrae
1014 1647 1486 1718 Nomentanoque
1512 1647 1717 1718 nepoti.

423 1727 577 1783 mille
607 1728 773 1800 pedes
802 1729 862 1783 in
889 1728 1086 1797 fronte,
1119 1732 1397 1784 trecentos
1426 1728 1621 1800 cippus
1650 1728 1708 1782 in
1735 1744 1928 1797 agrum

424 1808 514 1864 hic
542 1809 732 1880 dabat,
765 1809 994 1866 heredes
1024 1810 1432 1865 monimentum
1461 1826 1531 1864 ne
1559 1814 1894 1879 sequeretur.

423 1908 571 1946 nunc
600 1890 735 1946 licet
762 1890 1032 1962 Esquiliis
1061 1891 1316 1947 habitare
1343 1889 1664 1946 salubribus
1693 1894 1861 1960 atque

423 1989 625 2043 aggere
652 1973 710 2026 in
738 1972 924 2044 aprico
952 1973 1199 2044 spatiari,
1232 1990 1342 2044 quo
1369 1972 1535 2028 modo
1563 1972 1753 2027 tristes

424 2052 566 2109 albis
595 2052 893 2109 informem
919 2054 1252 2125 spectabant
1278 2054 1496 2111 ossibus
1525 2071 1757 2125 agrum;

423 2151 553 2189 cum
580 2134 723 2189 mihi
748 2152 863 2191 non
889 2138 1116 2190 tantum
1144 2135 1403 2207 furesque
1430 2135 1689 2205 feraeque
1716 2138 1905 2189 suetae

425 2214 574 2271 hunc
602 2233 806 2272 vexare
832 2214 1013 2271 locum
1045 2233 1205 2271 curae
1235 2220 1369 2272 sunt
1396 2221 1567 2287 atque
1593 2214 1784 2285 labori,

423 2301 703 2367 quantum
731 2296 1069 2353 carminibus
1099 2315 1241 2369 quae
1267 2302 1496 2353 versant
1525 2302 1694 2368 atque
1719 2296 1944 2352 venenis

424 2377 700 2433 humanos
727 2379 976 2435 animos:
1020 2377 1121 2434 has
1150 2378 1307 2434 nullo
1333 2378 1560 2450 perdere
1588 2396 1812 2450 possum

423 2477 524 2515 nec
551 2459 847 2530 prohibere
873 2459 1051 2530 mod0,
1086 2458 1256 2516 simul
1283 2477 1345 2515 ac
1374 2477 1520 2531 vaga
1545 2458 1681 2514 luna
1707 2459 1962 2515 decorum

423 2540 664 2612 protulit
692 2558 767 2611 OS,
802 2541 937 2612 quin
967 2559 1092 2597 ossa
1119 2540 1310 2612 legant
1336 2540 1646 2612 herbasque
1674 2545 1943 2596 nocentes

422 2621 540 2677 vidi
569 2625 792 2694 egomet
819 2622 979 2694 nigra
1007 2622 1346 2678 succinctam
1374 2621 1579 2678 vadere
1606 2621 1760 2693 palla

426 2701 737 2773 Canidiam,
768 2702 1002 2775 pedibus
1033 2704 1198 2759 nudis
1226 2721 1495 2775 passoque
1524 2702 1736 2774 capi110,

422 2801 552 2839 cum
581 2783 803 2856 Sagana
830 2784 1037 2840 maiore
1066 2783 1392 2840 ululantem.
1480 2784 1656 2856 pallor
1683 2789 1944 2855 utrasque

422 2864 634 2922 fecerat
661 2865 962 2922 horrendas
990 2870 1236 2937 aspectu.
1325 2864 1568 2938 scalpere
1596 2871 1799 2921 terram

423 2947 707 3019 unguibus
735 2951 793 3003 et
821 2946 1035 3019 pullam
1065 2946 1330 3003 divellere
1356 2947 1635 3003 mordicus
1662 2964 1864 3017 agnam

423 3032 725 3100 coeperunt
744 3049 762 3101 3
804 3046 963 3084 cruor
988 3029 1049 3083 in
1079 3029 1288 3084 fossam
1317 3028 1594 3098 confusus,
1627 3034 1692 3083 ut
1719 3027 1848 3083 inde

423 3108 626 3166 Manes
654 3109 918 3166 elicerent
945 3110 1159 3165 animas
1189 3126 1451 3180 responsa
1481 3110 1722 3165 daturas.

422 3189 584 3247 lanea
615 3195 673 3247 et
700 3191 909 3262 effigies
936 3194 1071 3259 erat,
1105 3190 1282 3247 altera
1311 3208 1502 3262 cerea3
1544 3192 1719 3246 maior

421 3269 601 3342 lanea,
634 3289 777 3343 quae
803 3272 995 3343 poenis
1022 3276 1392 3344 compesceret
1419 3272 1732 3329 inferiorem
1755 3290 1768 3334 ;

423 3369 579 3411 cerea
601 3352 926 3424 suppliciter
952 3352 1143 3408 stabat
1171 3352 1464 3409 servilibus
1492 3360 1558 3410 ut
1586 3370 1728 3425 quae

423 3434 538 3489 iam
564 3434 818 3506 peritura
844 3433 1040 3490 modis,
1127 3433 1383 3490 Hecaten
1410 3441 1575 3492 vocat
1603 3434 1792 3503 altera,
1827 3448 2051 3487 saevam

423 3513 602 3571 altera
630 3514 988 3586 Tisiphonen.
1077 3520 1358 3586 serpentes
1386 3520 1556 3587 atque
1585 3514 1799 3571 videres

423 3595 674 3652 infernas
694 3613 882 3653 errare
911 3614 1089 3667 canes,
1121 3594 1423 3668 lunamque
1450 3598 1759 3665 rubentem,

422 3695 493 3733 ne
519 3677 668 3734 foret
696 3676 785 3732 his
812 3677 989 3748 testis,
1020 3681 1150 3749 post
1176 3695 1379 3749 magna
1405 3676 1579 3735 latere
1606 3675 1908 3748 sepulchra.

422 3758 646 3830 singula
673 3758 810 3831 quid
837 3777 1136 3816 memorem
1159 3759 1180 3816 ‘l
1220 3778 1331 3830 quo
1357 3765 1520 3831 pacto
1550 3758 1766 3815 alterna
1790 3757 2079 3828 loquentes

2323 1589 2379 1619 10

2322 1992 2376 2038 15

2318 2401 2378 2430 20

2316 3210 2374 3253 30

2312 3614 2370 3660 35

2312 3778 2372 3819 40
