2792 4334
445 278 512 327 481

1173 272 1230 332 Q.
1268 270 1542 321 HORATI'
1569 269 1806 320 FLACCI

1082 408 1196 465 iam
1223 425 1368 463 nunc
1396 412 1453 463 et
1481 406 1716 467 incestos
1744 423 1954 463 amores

1163 490 1230 546 de
1258 495 1447 545 tenero
1474 488 1777 545 meditatur
1803 487 1974 559 ungui
1996 508 2015 561 3

1001 591 1130 629 mox
1155 572 1392 627 iuniores
1421 571 1634 642 quaerit
1662 569 1937 626 adulteros

1002 655 1148 711 inter
1174 653 1360 709 mariti
1387 652 1535 722 vina,
1568 669 1744 723 neque
1772 651 1937 722 elegit

1084 735 1172 792 cui
1199 734 1365 790 donet
1392 734 1715 805 inpermissa
1742 733 1944 805 raptim

1161 815 1364 888 gaudia
1389 814 1692 871 luminibus
1720 814 1958 885 remotiS,

1003 898 1100 955 sed
1128 899 1276 954 iussa
1303 914 1486 953 coram
1514 914 1622 952 non
1653 897 1770 952 sine
1798 895 2009 952 conscio

1003 980 1181 1051 surgit
1209 979 1426 1048 marim,
1458 995 1557 1033 seu
1583 982 1745 1034 vocat
1772 977 1995 1032 institor

1085 1079 1181 1117 seu
1207 1060 1368 1116 navis
1396 1058 1683 1130 Hispanae
1710 1058 1988 1129 magister,

1164 1142 1488 1198 dedecorum
1519 1141 1792 1211 pretiosus
1818 1143 2046 1210 emptor.

1003 1243 1112 1280 non
1141 1224 1226 1279 his
1254 1225 1513 1279 iuventus
1544 1226 1662 1277 orta
1690 1220 2013 1293 parentibus

1003 1305 1193 1361 infecit
1220 1323 1423 1376 aequor
1449 1303 1714 1375 sanguine
1745 1301 1951 1357 Punico

1032 1443 1035 1447 ,
1084 1386 1466 1459 Pyrrhumque
1497 1390 1555 1441 et
1584 1385 1864 1456 ingentem
1891 1381 2086 1439 cecidit

1156 1466 1503 1522 'Antiochum
1534 1464 2015 1535 Hannibalemque
2044 1462 2227 1518 dirum
2247 1481 2261 1531 3

1004 1548 1101 1605 sed
1127 1549 1457 1604 rusticorum
1487 1546 1730 1603 mascula
1756 1543 2001 1601 militum

1002 1629 1196 1702 proles,
1230 1628 1464 1686 Sabellis
1496 1628 1657 1684 docta
1684 1626 1959 1699 ligonibus

1083 1729 1296 1768 versare
1322 1710 1547 1782 glaebas
1577 1714 1633 1765 et
1660 1726 1878 1764 severae

1163 1792 1358 1848 matris
1386 1791 1458 1846 ad
1487 1790 1780 1846 arbitrium
1807 1789 2005 1844 recisos

1002 1878 1219 1946 portare
1245 1873 1437 1944 fustes,
1469 1871 1553 1927 sol
1579 1872 1674 1927 ubi
1702 1870 1973 1926 montium

1003 1959 1246 2011 mutaret
1272 1954 1499 2010 umbras
1526 1958 1584 2008 613
1612 1953 1741 2022 iuga
1768 1951 2013 2007 demeret

1085 2036 1260 2093 bobus
1287 2035 1555 2106 fatigatis,
1588 2033 1827 2089 amicum

1166 2121 1385 2188 tempus
1416 2133 1582 2187 agens
1611 2115 1850 2170 abeunte
1878 2130 2053 2169 curru,

1005 2198 1266 2254 damnosa
1293 2196 1430 2269 quid
1456 2214 1568 2251 non
1596 2195 1859 2251 inminuit
1885 2193 2041 2249 dies?

1003 2284 1155 2336 aetas
1182 2283 1492 2351 parentum,
1523 2278 1673 2349 peior
1699 2276 1835 2346 avis,
1867 2274 2001 2330 tulit

1084 2379 1182 2416 nos
1210 2361 1511 2431 nequiores,
1546 2376 1674 2414 mox
1700 2357 1925 2413 daturos

1164 2442 1477 2514 progeniem
1505 2440 1854 2497 vitiosiorem.

1434 2733 1554 2789 VII

1008 2853 1155 2922 Quid
1180 2853 1292 2922 fles,
1326 2852 1565 2921 Asterie,
1596 2870 1757 2923 quem
1787 2851 1892 2907 tibi
1919 2851 2138 2907 candidi

1006 2936 1182 3006 primo
1209 2934 1507 2990 restituent
1535 2951 1662 2989 vere
1690 2933 1920 2989 Favonii

1087 3015 1280 3085 Thyna
1307 3032 1485 3070 merce
1513 3014 1754 3084 beatum,

1166 3097 1471 3152 constantis
1498 3096 1752 3151 iuvenem
1780 3094 1887 3150 fide

1007 3177 1239 3250 Gygen‘l
1317 3176 1413 3233 ille
1441 3176 1609 3232 Notis
1637 3181 1793 3240 actus
1821 3175 1891 3231 ad
1919 3174 2141 3231 Oricum

1005 3265 1131 3331 post
1158 3260 1350 3315 insana
1379 3258 1590 3330 Caprae
1617 3257 1798 3313 sidera
1822 3255 2050 3327 frigidas

1088 3346 1270 3397 noctes
1298 3357 1409 3395 non
1438 3340 1555 3395 sine
1581 3338 1775 3394 multis

1165 3421 1429 3478 insomnis
1457 3420 1694 3476 lacrimis
1722 3419 1855 3490 agit.

1006 3505 1163 3576 atqui
1190 3503 1456 3559 sollicitae
1484 3502 1713 3557 nuntius
1741 3498 2008 3571 hospitae,

1006 3586 1275 3657 suspirare
1304 3583 1517 3640 Chloen
1546 3586 1602 3638 et
1629 3582 1885 3637 miseram
1911 3580 2028 3635 tuis

1088 3667 1270 3723 dicens
1295 3665 1517 3737 ignibus
1545 3664 1646 3734 uri,

1167 3751 1407 3820 temptat
1433 3744 1585 3802 mille
1601 3745 1765 3801 -vafer
1791 3742 1981 3799 modis,

2477 996 2537 1039 30

2479 1399 2537 1446 35

2480 1808 2539 1851 40

2477 2197 2568 2257 45'

2482 3602 2538 3632 10
