2792 4334
922 305 1409 358 EPISTULARUM
1447 308 1573 359 LlB.
1611 309 1655 360 Ι.
1698 312 1759 358 20

510 437 724 508 decipit
750 438 1031 511 exemplar
1059 440 1213 496 vitiis
1241 442 1515 500 imitabile
1535 465 1553 516 3
1594 443 1791 517 quodsi

509 517 779 590 pallerem
806 538 949 590 casu,
979 521 1236 580 biberent
1264 543 1539 597 exsangue
1568 527 1866 582 cuminum.

508 618 543 656 o
570 600 899 671 imitatores,
927 620 1149 659 servum
1177 623 1358 677 pecus,
1390 612 1457 663 ut
1484 606 1623 664 mihi
1650 625 1811 679 saepe

509 681 701 753 bilem,
732 700 895 755 saepe
922 684 1102 740 iocum
1129 687 1303 742 vestri
1328 706 1550 745 movere
1577 689 1855 746 tumultus
1881 693 1892 742 2

507 761 690 819 libera
715 781 812 836 per
838 782 1075 822 vacuum
1102 768 1261 839 posui
1288 770 1525 841 vestigia
1550 771 1818 842 princepS,

505 861 624 901 non
651 844 831 902 aliena
859 864 980 902 meo
1008 848 1184 918 pressi
1208 850 1362 921 pede.
1427 852 1524 922 qui
1549 851 1658 908 sibi
1683 852 1835 920 fidet,

504 925 627 981 dux
652 931 806 997 reget
832 945 1078 986 examen.
1166 929 1359 987 Parios
1386 949 1489 1003 ego
1515 933 1725 1004 primus
1751 933 1964 989 iambos

504 1006 732 1063 ostendi
759 1008 938 1080 Latio,
969 1027 1230 1067 numeros
1256 1013 1577 1085 animosque
1604 1019 1827 1071 secutus

504 1087 843 1160 Archilochi,
876 1108 984 1147 non
1011 1109 1099 1147 res
1128 1097 1186 1149 et
1213 1094 1438 1164 agentia
1465 1095 1633 1151 verba
1661 1095 1990 1168 Lycamben.

503 1186 569 1225 ac
596 1186 672 1225 ne
699 1187 787 1226 me
814 1170 959 1228 foliis
987 1171 1114 1229 ideo
1141 1173 1487 1232 brevioribus
1513 1194 1689 1247 ornes,

504 1249 660 1321 quod
679 1251 846 1307 timui
874 1258 1091 1310 mutare
1120 1255 1312 1312 modos
1339 1260 1398 1312 et
1426 1257 1684 1314 carminis
1709 1262 1905 1329 artem,

503 1335 784 1403 temperat
811 1332 1131 1390 Archilochi
1159 1335 1382 1393 Musam
1411 1338 1549 1409 pede
1575 1339 1824 1395 mascula
1853 1340 2089 1413 Sappho,

503 1417 785 1485 temperat
810 1414 1066 1487 Alcaeus,
1101 1417 1197 1474 sed
1226 1418 1389 1475 rebus
1419 1424 1478 1475 et
1504 1419 1693 1477 ordine
1720 1421 1922 1493 dispar,

502 1511 604 1550 nec
633 1511 880 1552 socerum
907 1498 1140 1569 quaerit,
1172 1517 1336 1571 quem
1363 1501 1616 1558 versibus
1643 1501 1860 1559 oblinat
1885 1503 2037 1572 atris,

501 1593 607 1632 nec
634 1593 868 1648 sponsae
893 1577 1155 1651 laqueum
1184 1581 1395 1638 famoso
1422 1582 1663 1640 carmine
1687 1584 1881 1640 nectit.

501 1656 655 1713 hunc
682 1675 797 1730 ego,
829 1677 938 1715 non
966 1660 1078 1717 alio
1107 1661 1319 1719 dictum
1346 1663 1501 1735 prius
1527 1681 1633 1736 ore,
1668 1664 1905 1721 Latinus

501 1737 736 1810 vulgavi
763 1739 960 1797 fidicen
982 1762 1001 1814 3
1043 1742 1203 1800 iuvat
1231 1745 1595 1802 inmemorata
1623 1745 1894 1802 ferentem

500 1820 760 1891 ingenuis
786 1821 1066 1895 oculisque
1094 1824 1206 1897 legi
1232 1826 1597 1899 manibusque
1625 1827 1818 1884 teneri.

499 1901 643 1958 scire
671 1901 824 1975 velis,
857 1921 979 1961 mea
1008 1924 1105 1962 cur
1132 1907 1383 1979 ingratus
1413 1908 1675 1979 opuscula
1699 1908 1875 1965 lector

497 1981 696 2039 laudet
722 1989 981 2058 ametque
1008 1986 1174 2059 domi,
1207 1993 1424 2060 premat
1450 1994 1608 2046 extra
1634 1989 1805 2046 limen
1833 1990 2089 2061 iniquus:

497 2081 614 2119 non
641 2081 744 2136 ego
768 2070 1032 2124 ventosae
1059 2067 1237 2140 plebis
1264 2069 1527 2142 suffragia
1551 2088 1723 2127 venor

497 2144 749 2218 inpensis
777 2164 1037 2204 cenarum
1065 2153 1122 2205 et
1151 2150 1319 2207 tritae
1346 2169 1572 2208 munere
1599 2151 1776 2209 vestis
1796 2171 1813 2223 3

498 2244 615 2282 non
642 2244 744 2299 ego
770 2228 1045 2286 nobilium
1072 2231 1405 2303 scriptorum
1432 2233 1656 2289 auditor
1682 2238 1740 2289 et
1767 2232 1917 2289 ultor

496 2311 892 2379 grammaticas
918 2312 1131 2368 ambire
1158 2312 1338 2369 tribus
1366 2318 1426 2371 et
1446 2313 1666 2386 pulpita
1691 2314 1903 2385 dignor.

496 2388 634 2445 hinc
660 2389 792 2447 illae
819 2391 1092 2449 lacrimae.
1185 2394 1200 2421 ‘
1217 2395 1409 2466 spissis
1436 2395 1665 2466 indigna
1692 2395 1929 2451 theatris

495 2471 712 2542 scripta
736 2472 912 2544 pudet
937 2474 1170 2530 recitare
1200 2480 1257 2532 et
1285 2476 1447 2547 nugis
1475 2475 1675 2532 addere
1701 2475 1919 2547 pondus
1939 2477 1952 2501 '

495 2552 544 2608 si
571 2551 712 2625 dixi,
750 2557 764 2583 ‘
781 2554 928 2611 rides
944 2555 960 2581 '
988 2555 1071 2611 ait
1106 2559 1120 2585 ‘
1137 2560 1197 2612 et
1225 2556 1376 2613 Iovis
1405 2556 1632 2614 auribus
1659 2558 1771 2614 ista

497 2650 722 2690 servas:
767 2634 896 2691 fidis
922 2637 1072 2692 enim
1100 2655 1323 2693 manare
1351 2638 1568 2710 poetica
1593 2638 1763 2694 mella

497 2718 555 2770 te
582 2714 784 2786 solum,
817 2717 924 2773 tibi
950 2717 1217 2789 pulcher.'
1296 2718 1368 2774 ad
1396 2718 1528 2775 haec
1555 2736 1658 2791 ego
1685 2719 1911 2776 naribus
1936 2720 2022 2776 uti

495 2794 737 2852 formido
763 2801 837 2869 et,
870 2797 1137 2856 luctantis
1164 2803 1327 2856 acuto
1354 2817 1425 2857 ne
1445 2817 1593 2857 secer
1620 2800 1810 2871 ungui,

447 2879 461 2905 ς
533 2877 544 2887 .
646 2877 659 2888 .
782 2878 795 2890 .
1083 2880 1099 2906 ,
1460 2882 1472 2893 .
1577 2881 1590 2892 .

489 2875 1067 3031 ῗιεῖιῑξθῑξὶῑξὲᾙῑ
1092 2880 1944 3034 fflfflzffisffl

496 3038 580 3094 ira
613 3042 796 3096 truces
823 3040 1145 3098 inimicitias
1174 3047 1232 3099 et
1259 3042 1489 3100 funebre
1515 3042 1742 3101 bellum.

1257 3238 1371 3294 XX

496 3354 878 3413 Vertumnum
905 3358 1229 3430 Ianumque,
1261 3358 1418 3429 liber,
1450 3362 1698 3430 spectare
1722 3357 1941 3428 videris,

495 3437 714 3494 scilicet
742 3443 808 3494 ut
836 3444 1049 3511 prostes
1078 3438 1359 3496 Sosiorum
1388 3440 1607 3510 pumice
1633 3440 1891 3499 mundus.

497 3519 672 3576 odisti
699 3519 883 3577 claves
909 3526 968 3577 et
993 3526 1156 3593 grata
1179 3521 1366 3593 sigilla
1392 3521 1608 3593 pudico,

496 3602 694 3673 paucis
721 3602 939 3658 ostendi
964 3604 1139 3675 gemis
1166 3607 1226 3660 et
1254 3604 1567 3660 communia
1593 3603 1804 3676 laudas,

498 3699 611 3738 non
640 3683 724 3739 ita
750 3684 1012 3741 nutritus.
1099 3683 1245 3756 fuge,
1277 3703 1386 3756 quo
1416 3685 1742 3742 descendere
1768 3685 1939 3758 gestis
1965 3711 1975 3745 :

497 3781 610 3819 non
639 3764 749 3820 erit
776 3766 976 3822 emisso
1002 3765 1215 3822 reditus
1243 3766 1363 3821 tibi.
1460 3768 1474 3795 ‘
1489 3766 1623 3838 quid
1653 3768 1821 3825 miser
1837 3767 1961 3841 egit

2285 316 2373 369 171

2313 1123 2369 1166 25

2311 1528 2370 1572 30

2309 1933 2365 1978 35

2306 2340 2365 2382 40

2306 2744 2364 2789 45
