2792 4334
479 279 538 326 14

1204 284 1259 344 Q.
1298 284 1560 337 HORATI
1595 287 1835 340 FLACCI

715 430 841 469 cum
869 413 949 470 fas
978 419 1145 487 atque
1174 415 1328 472 nefas
1356 419 1553 490 exiguo
1583 419 1691 477 fine
1717 420 2015 478 libidinum

714 494 1033 552 discernunt
1060 489 1226 554 avidi.
1307 517 1415 554 non
1444 517 1544 572 ego
1571 505 1642 572 te,
1675 503 1906 559 candide
1935 503 2222 575 Bassareu,

713 576 953 633 invitum
982 580 1229 650 quatiam
1259 598 1357 636 nec
1386 582 1553 638 variis
1582 583 1760 639 obsita
1788 584 2072 642 frondibus

711 657 819 714 sub
844 659 1037 716 divum
1065 658 1290 732 rapiam.
1375 679 1541 719 saeva
1568 668 1694 720 tene
1723 683 1846 722 cum
1876 666 2201 738 Berecyntio

712 757 881 796 cornu
908 745 1187 815 tympana,
1221 761 1360 815 quae
1388 744 1742 816 subsequitur
1770 765 1959 804 caecus
1987 748 2156 806 Amor
2185 749 2272 805 sui

711 825 772 877 et
799 821 997 878 tollens
1026 840 1259 881 vacuum
1289 825 1414 897 plus
1441 826 1612 882 nimio
1640 827 1831 884 Gloria
1858 831 2119 887 verticem

712 903 1003 976 arcanique
1034 904 1199 962 Fides
1226 907 1467 979 prodiga,
1501 909 1831 980 perlucidior
1857 912 2017 968 vitr0.

1439 1111 1588 1167 XIX

948 1265 1133 1322 Mater
1159 1285 1326 1324 saeva
1354 1267 1692 1340 Cupidinum

1030 1347 1428 1421 Thebanaeque
1455 1350 1612 1408 iubet
1639 1370 1727 1408 me
1757 1351 2003 1410 Semelae
2030 1372 2164 1426 puer

948 1433 1007 1484 et
1035 1427 1243 1485 lasciva
1270 1430 1521 1487 Licentia

1028 1510 1202 1566 finitis
1231 1512 1477 1568 animum
1506 1512 1729 1570 reddere
1758 1516 2048 1573 amoribus,

946 1591 1061 1646 urit
1087 1607 1175 1646 me
1206 1591 1469 1663 Glycerae
1490 1594 1644 1658 ‘nitor

1026 1671 1365 1744 splendentis
1395 1673 1558 1730 Pario
1586 1693 1853 1733 marmore
1881 1680 2070 1749 purius
2090 1701 2107 1753 3

945 1753 1061 1808 urit
1085 1757 1247 1824 grata
1273 1756 1605 1826 protervitas

1026 1838 1084 1890 et
1109 1834 1301 1891 vultus
1330 1837 1559 1891 nimium
1590 1836 1832 1894 lubricus
1859 1842 2041 1913 aspici.

940 1920 1003 1970 in
1031 1933 1117 1971 me
1147 1920 1269 1972 tota
1297 1935 1459 1973 ruens
1489 1917 1677 1975 Venus

1027 1996 1274 2068 Cyprum
1303 1998 1560 2070 deseruit,
1593 2018 1691 2056 nec
1718 2002 1932 2072 patitur
1962 2003 2196 2076 Scythas

942 2082 1002 2134 et
1031 2079 1203 2134 versis
1232 2080 1540 2136 animosum
1569 2082 1721 2153 equis
1755 2128 1758 2130 Α

1025 2159 1296 2215 Parthum
1322 2160 1501 2217 dicere
1529 2179 1628 2218 nec
1655 2181 1795 2234 quae
1823 2164 1964 2220 nihil
1991 2167 2248 2224 attinent.

941 2239 1033 2295 hic
1061 2242 1250 2296 vivum
1279 2242 1417 2297 mihi
1445 2243 1752 2315 caespitem,
1787 2244 1874 2300 hic

1024 2321 1303 2393 verbenaS‚
1335 2325 1504 2395 pueri,
1538 2326 1724 2396 ponite
1753 2330 1987 2398 turaque

940 2401 1079 2459 bimi
1105 2421 1230 2460 cum
1258 2409 1451 2476 patera
1477 2406 1646 2463 meri:

1020 2489 1263 2542 mactata
1289 2487 1474 2543 veniet
1501 2486 1674 2543 lenior
1700 2488 1897 2545 hostia.

1445 2701 1562 2758 XX

1020 2858 1146 2915 Vile
1174 2859 1392 2930 potabis
1422 2860 1651 2917 modicis
1681 2861 1949 2920 Sabinum

1017 2939 1310 3012 cambarie,
1344 2940 1555 2997 Graeca
1583 2944 1727 3014 quod
1755 2963 1855 3016 ego
1882 2946 2000 3017 ipse
2028 2951 2175 3004 testa

1017 3021 1300 3077 conditum
1327 3021 1452 3095 levi,
1488 3022 1652 3080 datus
1680 3026 1737 3081 in
1768 3026 1986 3082 theatro

1095 3120 1221 3157 cum
1252 3102 1355 3158 tibi
1382 3103 1623 3176 plausus,‚

949 3187 951 3192 ’
1016 3201 1136 3239 care
1167 3183 1458 3241 Maecenas
1486 3203 1666 3257 equeS,
1694 3192 1761 3243 ut
1789 3190 2007 3260 paterni

1016 3265 1260 3321 fluminis
1287 3266 1435 3337 ripae
1463 3267 1631 3323 simul
1658 3273 1713 3324 et
1741 3269 1921 3325 iocosa

1014 3346 1268 3403 redderet
1293 3347 1484 3403 laudes
1512 3348 1619 3405 tibi
1647 3348 1905 3406 Vaticani

1092 3429 1297 3483 montis
1324 3429 1519 3500 imago,

1014 3508 1327 3565 Caecubum
1355 3514 1412 3565 et
1439 3510 1590 3581 prelo
1618 3509 1886 3567 domitam
1916 3512 2119 3581 Caleno

1012 3594 1132 3644 tum
1160 3589 1317 3646 bibes
1345 3608 1508 3645 uvam
1534 3612 1546 3647 ε
1590 3609 1711 3647 mea
1739 3611 1837 3648 nec
1868 3594 2128 3652 Falernae

1012 3674 1322 3743 temperant
1349 3672 1493 3727 vites
1520 3690 1695 3744 neque
1725 3673 2003 3730 Formiani

1089 3752 1286 3824 pocula
1313 3752 1492 3809 colles,

2498 449 2553 479 10

2487 2033 2543 2064 10

2476 3625 2530 3655 10
