2792 4334
983 265 1377 320 SERMONUM
1412 269 1543 321 LIB.
1584 269 1655 319 ΙΙ.
1694 272 1722 319 8
2301 279 2396 328 143

452 416 626 470 quem
655 416 833 472 neque
857 402 1147 472 pauperies
1172 420 1352 476 neque
1379 422 1530 460 mors
1555 421 1731 475 neque
1757 404 1980 462 vincula
2009 412 2231 481 terrent,

447 496 774 552 responsare
800 482 1166 555 cupidinibUS,
1200 490 1549 542 contemnere
1569 485 1801 542 honores
2337 506 2395 561 85

448 561 629 631 fortiS,
664 567 721 619 et
747 563 805 618 in
832 580 891 619 se
918 563 1037 635 ipso
1067 569 1233 637 totus,
1269 570 1416 622 teres
1442 573 1612 639 atque
1639 566 1921 639 rotunduS‚

448 644 675 699 externi
701 661 769 700 ne
794 644 930 716 quid
958 643 1145 702 valeat
1171 664 1269 719 per
1296 646 1420 704 leve
1446 649 1664 719 morari,

447 724 506 779 in
533 741 710 797 quem
734 742 929 781 manca
954 726 1070 782 ruit
1098 745 1314 799 semper
1340 728 1582 786 fortuna.
1667 734 1893 801 potesne

446 822 517 861 ex
543 805 641 861 his
668 810 734 862 ut
758 807 1039 877 proprium
1069 808 1203 880 quid
1232 827 1453 867 noscere
1477 812 1499 866 2
1576 812 1820 884 quinque
1848 810 2062 870 talenta

445 886 634 958 poscit
661 891 718 943 te
745 886 957 959 mulier,
987 894 1159 945 vexat
1185 890 1507 963 foribusque
1533 892 1815 964 repulsum
2338 922 2397 965 90

445 966 740 1039 perfundit
764 966 962 1041 gelida,
994 987 1183 1027 rursus
1212 976 1391 1029 vocat.
1480 974 1628 1045 eripe
1657 974 1807 1045 turpi

445 1047 589 1104 colla
619 1047 764 1120 iugo,
799 1051 833 1078 ‘⁴
852 1048 1007 1120 liber,
1039 1049 1182 1107 liber
1206 1070 1333 1108 sum
1351 1053 1382 1079 ''
1411 1053 1500 1110 dic
1525 1072 1644 1126 age.
1723 1072 1834 1111 non
1863 1055 1984 1126 quis
2012 1078 2026 1113 ε

444 1133 654 1200 urguet
680 1130 825 1185 enim
853 1130 1110 1188 dominus
1136 1138 1380 1190 mentem
1408 1152 1519 1191 non
1538 1133 1680 1191 lenis
1707 1140 1764 1192 et
1790 1154 1939 1193 acres

444 1211 730 1267 subiectat
753 1210 900 1268 lasso
926 1213 1182 1270 stimulos
1211 1220 1507 1288 versatque
1533 1221 1844 1288 negantem.

443 1291 535 1348 vel
562 1309 695 1348 cum
723 1291 991 1350 Pausiaca
1018 1298 1218 1367 torpes,
1251 1296 1459 1368 insane,
1491 1297 1714 1370 tabella,
2335 1325 2394 1372 95

444 1373 542 1445 qui
569 1390 767 1444 peccas
791 1374 978 1430 minus
1006 1380 1175 1448 atque
1203 1394 1320 1448 eg0‚
1353 1395 1481 1433 cum
1509 1378 1678 1435 Fulvi
1705 1379 2075 1454 Rutubaeque

444 1458 547 1510 aut
575 1454 901 1510 Pacideiani
928 1461 1189 1513 contento
1216 1457 1429 1531 poplite
1454 1460 1629 1515 miror

444 1534 661 1608 proelia
686 1534 903 1593 rubrica
931 1537 1083 1609 picta
1110 1543 1207 1595 aut
1238 1539 1490 1612 carbone,
1521 1539 1682 1598 velut
1708 1542 1756 1598 si

443 1634 503 1673 re
531 1634 671 1673 vera
695 1622 958 1690 pugnent,
991 1618 1195 1676 feriant
1220 1621 1516 1694 vitentque
1542 1627 1831 1680 moventes

445 1715 604 1754 arma
634 1698 778 1754 viri?
857 1716 1097 1772 nequam
1127 1705 1183 1757 et
1211 1706 1454 1758 cessator
1482 1703 1678 1760 Davus
1700 1725 1718 1776 3
1756 1708 1819 1760 at
1846 1704 1961 1776 ipse
2310 1732 2396 1763 100

442 1777 675 1835 subtilis
700 1784 952 1836 veterum
979 1781 1149 1838 iudex
1176 1787 1235 1839 et
1261 1782 1497 1840 callidus
1522 1784 1696 1841 audis.

442 1859 521 1915 nil
551 1877 675 1933 eg0‚
705 1860 754 1917 si
778 1861 949 1918 ducor
976 1861 1092 1919 libo
1121 1863 1410 1922 fumante:
1451 1865 1560 1921 tibi
1587 1866 1781 1938 ingens

440 1941 629 2001 virtus
658 1945 827 2013 atque
854 1944 1073 2000 animus
1103 1945 1250 2001 cenis
1276 1950 1567 2018 responsat
1594 1947 1830 2019 opimis?

440 2022 773 2096 obsequium
800 2025 1013 2081 ventris
1040 2025 1183 2081 mihi
1206 2027 1568 2098 perniciosius
1596 2032 1683 2084 est
1710 2029 1844 2084 cur?

439 2108 596 2176 tergo
629 2103 842 2177 plector
866 2106 1026 2163 enim.
1110 2107 1207 2180 (1111
1236 2112 1302 2164 tu
1327 2108 1638 2181 inpunitior
1664 2108 1778 2181 illa,
2308 2137 2393 2182 105

438 2203 581 2259 quae
612 2203 785 2258 parvo
813 2187 958 2243 sumi
986 2194 1287 2260 nequeunt,
1321 2189 1550 2247 obsonia
1578 2190 1805 2262 captas?

437 2284 643 2339 nempe
669 2267 1079 2325 inamarescunt
1109 2269 1303 2341 epulae
1329 2271 1449 2327 sine
1476 2271 1587 2327 fine
1615 2272 1838 2344 petitae,

437 2347 723 2421 inlusique
747 2349 916 2422 pedes
943 2350 1206 2407 vitiosum
1235 2351 1380 2408 ferre
1408 2357 1666 2409 recusant

438 2447 659 2501 corpus.
743 2447 815 2486 an
844 2430 938 2487 hic
964 2436 1171 2504 peccat,
1204 2432 1313 2489 sub
1340 2438 1561 2490 noctem
1588 2434 1687 2506 qui
1713 2452 1852 2506 puer
1875 2452 2046 2492 uvam

435 2510 658 2568 furtiva
682 2515 868 2568 mutat
896 2512 1141 2585 strigili?
1222 2514 1321 2586 qui
1348 2514 1576 2586 praedia
1603 2515 1811 2588 vendit,
2305 2543 2390 2575 110

437 2591 518 2648 nil
545 2592 749 2649 servile
773 2592 939 2665 gulae
964 2610 1163 2665 parens
1190 2594 1404 2652 habet?
1483 2595 1626 2652 adde
1654 2597 1802 2668 quod
1828 2597 1973 2655 idem

435 2690 548 2729 non
573 2673 773 2730 horam
801 2679 986 2731 tecum
1014 2693 1134 2732 esse
1159 2680 1336 2747 potes,
1366 2693 1479 2732 non
1508 2677 1624 2733 otia
1649 2682 1796 2734 recte

433 2771 662 2826 ponere,
689 2759 853 2827 teque
880 2755 1065 2828 ipsum
1093 2757 1241 2813 vitas
1267 2756 1543 2829 fugitivus
1571 2762 1629 2814 et
1657 2776 1792 2831 erro,

434 2835 549 2891 iam
573 2835 715 2892 vino
741 2854 1024 2908 quaerens,
1056 2837 1170 2894 iam
1196 2855 1390 2894 somno
1417 2838 1610 2895 fallere
1639 2858 1826 2896 curam
1846 2862 1864 2913 3

433 2915 685 2974 frustra:
724 2934 857 2973 nam
884 2935 1064 2974 comes
1091 2923 1214 2975 atra
1240 2920 1446 2990 premit
1474 2920 1834 2993 sequiturque
1861 2922 2151 2993 fugacem!
2298 2947 2384 2994 115

414 2998 592 3055 ‘unde
619 2997 758 3054 mihi
782 2997 1027 3071 lapidem
1044 2999 1095 3056 'l'
1160 3002 1177 3029 ‘
1193 3018 1456 3071 quorsum
1486 3005 1573 3057 est
1601 3019 1736 3073 opus
1752 3003 1774 3058 ‘3
1790 3003 1804 3028 '
1879 3002 2056 3059 ‘unde
2083 3003 2383 3076 sagittas‘l'

404 3080 420 3107 ‘
436 3083 538 3135 aut
562 3079 777 3135 insanit
803 3079 969 3137 homo
996 3084 1099 3137 aut
1125 3098 1317 3138 versus
1343 3080 1515 3139 facit.'
1606 3083 1620 3110 ‘
1637 3083 1786 3140 ocius
1814 3083 1942 3139 hinc
1969 3087 2029 3140 te

432 3159 491 3214 ni
517 3159 689 3232 rapis,
719 3160 942 3218 accedes
968 3177 1133 3233 opera
1158 3179 1292 3234 agro
1316 3179 1466 3219 nona
1492 3162 1733 3221 Sabino!

1249 3412 1404 3469 VIII

396 3556 411 3583 ‘
433 3553 520 3609 Ut
551 3553 846 3612 Nasidieni
873 3557 1019 3614 iuvit
1047 3562 1107 3614 te
1134 3575 1270 3614 cena
1295 3558 1489 3615 beati?

431 3653 563 3693 nam
590 3636 735 3692 mihi
762 3640 1051 3708 quaerenti
1077 3640 1368 3696 convivam
1397 3640 1583 3696 dictus
1609 3639 1738 3696 here
1765 3639 1879 3697 illic

431 3716 502 3773 de
528 3718 720 3775 medio
744 3723 935 3791 potare
962 3720 1087 3778 die!
1174 3723 1189 3750 ‘
1205 3721 1301 3794 sic,
1331 3726 1398 3778 ut
1426 3721 1568 3779 mihi
1595 3740 1896 3795 numquam
