2792 4334
1007 306 1397 358 SERMONUM
1435 306 1565 356 LIB.
1611 305 1649 354 Ι.
1687 307 1749 353 10

432 442 576 498 dura
604 439 714 495 tibi
740 439 1053 512 peragenda
1079 441 1157 496 rei
1186 443 1264 497 sit
1289 459 1457 498 causa
1485 439 1709 497 Petilli‘l

432 522 646 579 scilicet
675 521 883 578 oblitus
910 522 1232 594 patriaeque
1261 525 1561 595 patrisque,
1597 521 1795 577 Latine

433 622 560 660 cum
591 602 801 658 Pedius
830 621 1022 658 causas
1050 604 1283 661 exsudet
1312 603 1595 676 Poplicola
1623 609 1788 674 atque

435 684 728 753 Corvinus,
762 685 958 755 patriis
988 684 1360 742 intermiscere
1390 687 1571 757 petita

432 765 606 822 verba
634 763 766 821 foris
795 765 971 834 malis,
1005 765 1271 822 Canusini
1298 785 1450 823 more
1478 765 1778 838 bilinguis‘l

432 852 604 920 atque
634 863 734 917 ego
764 865 888 902 cum
918 846 1156 903 Graecos
1185 848 1423 904 facerem
1453 853 1619 904 natus
1649 865 1795 903 mare
1824 848 1962 902 citra

430 926 751 998 versiculos,
783 929 966 984 vetuit
995 946 1083 985 me
1109 928 1215 985 tali
1241 947 1374 985 voce
1406 929 1682 998 Quirinus,

430 1015 560 1082 post
588 1009 830 1065 mediam
859 1014 1080 1065 noctem
1106 1011 1276 1078 visuS,
1310 1028 1437 1066 cum
1467 1012 1680 1066 somnia
1706 1028 1871 1067 vera:

398 1093 484 1146 ‘in
514 1091 720 1146 silvam
753 1109 863 1147 non
890 1090 1045 1162 ligna
1071 1092 1217 1147 feras
1244 1092 1493 1147 insanius
1521 1086 1585 1147 ac
1614 1092 1661 1147 si

431 1189 666 1244 magnas
694 1170 1033 1228 Graecorum
1061 1173 1223 1228 malis
1250 1172 1461 1245 inplere
1489 1174 1775 1229 catervas.’

434 1252 695 1325 turgidus
724 1252 966 1325 Alpinus
995 1253 1213 1326 iugulat
1241 1254 1376 1310 dum
1413 1254 1713 1311 Memnona
1741 1254 1982 1326 dumque

432 1334 670 1405 defingit
700 1333 884 1390 Rheni
910 1334 1127 1391 luteum
1156 1341 1341 1408 caput,
1370 1336 1505 1392 haec
1532 1354 1636 1407 ego
1662 1336 1807 1404 lude,

432 1434 575 1487 quae
605 1433 785 1487 neque
814 1416 871 1471 in
899 1416 1035 1473 aede
1063 1422 1261 1473 sonent
1291 1418 1566 1473 certantia
1594 1418 1772 1473 iudice
1802 1418 1995 1489 Tarpa,

431 1515 532 1553 nec
562 1496 796 1553 redeant
823 1498 1024 1554 iterum
1056 1503 1226 1570 atque
1253 1498 1458 1554 iterum
1487 1498 1789 1569 spectanda
1816 1499 2061 1555 theatris,

431 1583 636 1650 arguta
661 1579 949 1635 meretrice
978 1584 1135 1651 potes
1165 1579 1440 1651 Davoque
1469 1579 1768 1637 Chremeta

432 1659 697 1716 eludente
728 1677 916 1716 senem
946 1661 1118 1716 comis
1147 1662 1355 1733 garrire
1382 1660 1604 1717 libellos

430 1759 577 1797 unus
608 1741 880 1812 vivorum,
913 1741 1210 1814 Fundani3
1254 1741 1434 1798 Pollio
1467 1760 1660 1813 regum

430 1823 584 1878 facta
615 1823 765 1878 canit
794 1822 928 1894 pede
960 1826 1048 1878 ter
1073 1840 1367 1896 percusso3
1409 1823 1550 1880 forte
1581 1842 1709 1896 epos
1738 1841 1873 1894 acer,

430 1909 496 1960 ut
524 1921 705 1974 nem0,
739 1902 943 1960 Varius
972 1904 1126 1960 ducit
1146 1925 1164 1977 3
1206 1904 1373 1961 molle
1400 1910 1571 1976 atque
1599 1905 1837 1961 facetum

431 1984 682 2057 Vergilio
710 1985 1030 2042 adnuerunt
1058 1986 1362 2057 gaudentes
1392 2004 1515 2042 rure
1547 1986 1835 2043 Camenae.

431 2066 534 2122 hoc
565 2072 702 2136 erat,
735 2071 961 2138 experto
991 2066 1200 2123 frustra
1226 2066 1476 2124 Varrone
1504 2067 1744 2123 Atacino

429 2153 603 2220 atque
633 2147 966 2219 quibusdam
996 2147 1134 2220 aliis,
1169 2148 1367 2204 melius
1396 2149 1543 2220 quod
1573 2149 1807 2204 scribere
1835 2167 2065 2221 possem,

428 2230 722 2285 inventore
751 2228 929 2284 minor
949 2250 967 2300 3
1010 2247 1187 2301 neque
1217 2248 1317 2302 ego
1345 2229 1431 2285 illi
1458 2230 1746 2286 detrahere
1777 2231 1953 2286 ausim

431 2309 757 2366 haerentem
785 2310 954 2381 capiti
985 2328 1109 2366 cum
1140 2311 1321 2366 multa
1350 2311 1513 2367 laude
1544 2329 1814 2368 coronam.

428 2395 489 2447 at
519 2391 640 2447 dixi
666 2391 838 2447 fluere
864 2390 1014 2446 hunc
1040 2391 1401 2463 lutulentum,
1434 2410 1595 2464 saepe
1624 2393 1888 2448 ferentem

427 2472 593 2544 plura
622 2472 845 2544 quidem
874 2471 1122 2529 tollenda
1150 2472 1540 2544 relinquendis.
1630 2492 1743 2544 age,
1778 2492 1994 2544 quaeSO,

428 2558 495 2609 tu
523 2553 667 2609 nihil
693 2554 755 2609 in
781 2571 983 2625 magno
1011 2553 1207 2610 doctus
1235 2554 1589 2625 reprehendis
1619 2555 1900 2611 Homero?

429 2634 510 2690 nil
541 2636 713 2691 comis
744 2634 941 2706 tragici
969 2640 1155 2691 mutat
1184 2634 1432 2691 Lucilius
1459 2637 1632 2692 Acci?

427 2734 540 2771 non
572 2716 719 2772 ridet
748 2733 939 2771 versus
969 2716 1117 2771 Enni
1146 2718 1427 2788 gravitate
1454 2718 1704 2788 minores,

428 2815 560 2853 cum
589 2797 657 2853 de
684 2814 745 2853 se
771 2796 1022 2869 loquitur
1048 2815 1157 2854 non
1188 2801 1255 2853 ut
1281 2798 1485 2854 maiore
1513 2800 1823 2870 reprensis}

429 2879 567 2950 quid
595 2882 758 2934 vetat
785 2882 842 2934 et
870 2884 1088 2935 nosmet
1118 2878 1302 2934 Lucili
1330 2881 1539 2952 scripta
1568 2880 1810 2952 legentes

427 2977 708 3031 quaerere,
741 2977 877 3015 num
904 2959 1080 3030 illius,
1105 2978 1243 3016 num
1271 2978 1454 3017 rerum
1481 2962 1622 3017 dura
1650 2961 1862 3032 negarit

427 3040 733 3097 versiculos
760 3045 962 3097 natura
990 3042 1167 3112 magis
1194 3041 1371 3098 factos
1402 3048 1457 3099 et
1485 3048 1679 3098 euntes

428 3122 656 3178 mollius
684 3140 749 3178 ac
776 3122 825 3178 si
852 3123 979 3193 quis
1007 3122 1241 3194 pedibus
1268 3123 1405 3194 quid
1433 3123 1684 3180 claudere
1711 3123 1872 3194 senis,

428 3202 534 3259 hoc
564 3207 790 3260 tantum
818 3208 1128 3274 contentu8,
1163 3209 1314 3261 amet
1342 3207 1625 3278 scripsisse
1653 3205 1919 3260 ducentos

427 3288 562 3340 ante
591 3284 780 3340 cibum
808 3302 1017 3354 versus,
1050 3285 1285 3346 totidem
1317 3288 1585 3343 cenatus?
1666 3285 1888 3340 Etrusci

427 3366 596 3437 quale
622 3365 736 3421 fuit
764 3365 921 3422 Cassi
949 3365 1143 3437 rapido
1170 3366 1478 3424 ferventius
1506 3368 1660 3424 amni

426 3447 733 3518 ingenium,
767 3447 944 3520 capsis
973 3465 1137 3519 quem
1164 3447 1315 3504 fama
1342 3455 1428 3506 est
1456 3467 1575 3506 esse
1603 3447 1866 3518 librisque

426 3527 757 3585 ambustum
785 3529 1033 3600 propriis,
1120 3527 1289 3585 fuerit
1318 3530 1585 3600 LuciliuS,
1619 3529 1858 3600 inquam,

426 3611 603 3666 comis
631 3614 689 3666 et
718 3609 979 3680 urbanus,
1012 3609 1182 3666 fuerit
1209 3608 1455 3668 limatior
1482 3612 1633 3666 idem

426 3708 600 3762 quam
627 3689 784 3746 rudis
812 3696 868 3747 et
896 3689 1123 3747 Graecis
1152 3690 1352 3748 intacti
1380 3692 1639 3749 carminis
1665 3695 1870 3760 auctor,

426 3789 709 3845 quamque
740 3778 1030 3843 poetarum
1055 3772 1332 3829 seniorum
1364 3775 1569 3845 turba,
1611 3771 1706 3828 sed
1736 3771 1844 3843 ille,

2290 311 2382 360 119

2329 794 2388 838 30

2329 1197 2386 1242 35

2326 1606 2389 1647 40

2326 2010 2385 2055 45

2327 2820 2384 2866 55

2323 3328 2350 3359 δ
