2792 4334
962 281 1346 334 CARMINUM
1383 283 1517 336 LIB.
1564 282 1645 331 III

723 416 916 472 tristes
944 415 1207 473 excubiae
1239 418 1557 473 munierant
1585 416 1722 472 satis

802 498 1089 553 nocturnis
1115 498 1189 554 ab
1220 497 1504 572 adulteri8‚

721 578 770 634 si
796 596 909 633 non
936 577 1216 635 Acrisium
1248 580 1481 651 virginis
1511 579 1733 636 abditae

722 659 1008 715 custodem
1036 660 1307 731 pavidum
1338 661 1597 734 Iuppiter
1623 665 1679 716 et
1708 659 1901 715 Venus

720 740 1008 798 risissent:
1054 740 1170 798 fore
1201 742 1351 798 enim
1383 747 1575 799 tutum
1603 742 1709 797 iter
1737 745 1795 797 et
1825 747 2023 812 patens

801 839 1064 878 converso
1090 823 1149 878 in
1178 824 1425 894 pretium
1454 823 1572 881 de0.

720 920 918 960 aurum
946 921 1044 975 per
1071 904 1285 960 medios
1316 905 1397 961 ire
1426 904 1697 961 satellites

720 989 778 1040 et
806 1002 1159 1056 perrumpere
1189 990 1346 1041 amat
1376 1004 1511 1042 saxa
1538 985 1823 1058 potentius

719 1065 837 1121 ictu
865 1065 1167 1125 fulmineo:
1213 1066 1454 1123 concidit
1481 1066 1704 1138 auguris

800 1146 997 1218 Argivi
1027 1147 1224 1203 domus
1256 1148 1330 1204 ob
1359 1148 1574 1204 lucrum

719 1227 969 1284 demersa
995 1229 1167 1285 exitio
1186 1249 1202 1300 3
1248 1227 1455 1285 diffidit
1483 1229 1705 1285 urbium

719 1313 910 1381 portas
937 1309 1024 1365 vir
1050 1308 1286 1366 Macedo
1318 1314 1375 1365 et
1404 1310 1627 1367 subruit
1654 1308 1899 1366 aemulos

720 1408 876 1462 reges
901 1391 1223 1447 muneribus
1245 1411 1261 1462 3
1305 1408 1539 1448 munera
1566 1392 1793 1447 navium

800 1489 995 1529 saevos
1021 1472 1351 1543 inlaqueant
1380 1471 1564 1531 duces.

721 1558 1057 1609 crescentem
1084 1554 1339 1625 sequitur
1370 1572 1499 1610 cura
1527 1554 1816 1626 pecuniam

721 1634 1099 1706 maiorumque
1128 1635 1319 1691 fames,
1409 1635 1538 1691 iure'
1557 1635 1841 1707 perhorrui

720 1715 835 1772 late
864 1716 1218 1787 conspicuum
1249 1716 1445 1773 tollere
1473 1717 1753 1787 verticem,

800 1796 1110 1868 Maecenas,
1142 1798 1398 1868 equitum
1431 1798 1611 1854 decus,

720 1883 931 1950 quanto
959 1879 1191 1950 quisque
1221 1879 1332 1934 sibi
1360 1877 1522 1950 plura
1550 1879 1851 1950 negaverit,

720 1959 791 2016 ab
821 1959 909 2015 dis
935 1960 1096 2032 plura
1123 1960 1265 2016 feret
1288 1982 1300 2016 ε
1346 1959 1427 2015 nil
1454 1961 1795 2032 cupientium

720 2040 903 2097 nudus
930 2046 1114 2097 castra
1141 2045 1269 2112 peto
1301 2045 1360 2097 et
1388 2041 1680 2113 transfuga
1708 2041 1950 2097 divitum

799 2127 988 2194 partes
1013 2122 1261 2194 linquere
1291 2123 1488 2194 gestio,

719 2208 1070 2275 contemptae
1099 2203 1359 2260 dominus
1387 2204 1724 2276 splendidior
1751 2205 1848 2275 rei,

718 2302 888 2357 quam
915 2285 964 2341 si
990 2284 1261 2357 quidquid
1291 2290 1415 2341 arat
1437 2285 1650 2357 inpiger
1676 2284 1898 2358 Apulus

718 2366 993 2422 occultare
1022 2366 1159 2422 meis
1187 2366 1397 2422 dicerer
1424 2365 1649 2438 horreis,

798 2465 1030 2519 magnas
1056 2448 1204 2503 inter
1232 2465 1365 2520 opes
1393 2447 1569 2519 inops

718 2546 890 2600 purae
917 2529 1071 2585 rivus
1100 2546 1274 2600 aquae
1306 2528 1559 2600 silvaque
1587 2530 1838 2600 iugerum

717 2627 1017 2681 paucorum
1045 2614 1104 2666 et
1131 2610 1336 2681 segetis
1366 2615 1519 2666 certa
1546 2609 1681 2666 fides
1710 2629 1865 2666 meae

719 2690 1025 2762 fulgentem
1052 2691 1282 2762 imperio
1312 2690 1516 2747 fertilis
1543 2691 1762 2748 Africae

797 2772 948 2828 fallit
974 2777 1122 2828 sorte
1149 2771 1381 2828 beatior.

717 2870 1055 2926 quamquam
1083 2870 1183 2909 nec
1213 2852 1486 2909 Calabrae
1512 2853 1681 2909 mella
1706 2854 1894 2910 ferunt
1922 2871 2055 2925 apes

716 2952 818 2991 nec
847 2933 1247 3006 Laestrygonia
1276 2933 1530 2990 Bacchus
1559 2935 1618 2990 in
1645 2935 1912 3007 amphora

715 3015 1024 3087 languescit
1050 3015 1191 3071 mihi
1217 3032 1318 3071 nec
1346 3015 1575 3087 pinguia
1604 3016 1836 3073 Gallicis

797 3101 1049 3153 crescunt
1077 3095 1283 3153 vellera
1311 3096 1545 3168 pascuiS,

715 3179 1014 3250 inportuna
1041 3182 1230 3234 tamen
1258 3178 1547 3249 pauperies
1574 3179 1746 3250 abest,

715 3277 830 3329 nec,
862 3259 913 3314 si
938 3258 1099 3331 plura
1123 3258 1310 3331 velim,
1344 3263 1407 3314 tu
1435 3258 1567 3316 dare
1594 3260 1845 3333 deneges,

716 3345 1000 3397 contracto
1027 3339 1225 3397 melius
1251 3358 1427 3412 parva
1453 3341 1709 3413 cupidine

793 3421 1093 3492 vectigalia
1119 3421 1412 3493 porrigam,

712 3521 882 3575 quam
909 3503 958 3558 si
984 3502 1304 3575 Mygdoniis
1332 3520 1565 3575 regnum
1592 3504 1845 3578 Alyattei

714 3585 924 3656 campis
953 3584 1280 3641 continuem.
1365 3584 1549 3641 multa
1573 3587 1894 3657 petentibus

714 3664 919 3722 desunt
946 3665 1159 3722 multa:
1203 3665 1344 3722 bene
1373 3670 1474 3735 est,
1509 3669 1599 3722 cui
1627 3668 1761 3725 deus
1791 3666 1999 3724 obtulit

794 3764 964 3819 parca
989 3746 1139 3818 quod
1165 3747 1304 3804 satis
1332 3751 1420 3804 est
1447 3765 1630 3806 manu.

2280 289 2343 337 55

2290 1011 2346 1042 10

2285 1822 2345 1854 20

2280 2635 2340 2677 30

2277 3036 2335 3084 35

2271 3446 2332 3489 40
