2792 4334
456 284 519 331 56

1185 282 1241 341 Q.
1284 282 1544 333 HORATI
1582 282 1819 333 FLACOI

1416 481 1594 537 XVII

938 588 1066 645 Aeli
1093 593 1317 645 vetusto
1348 588 1548 644 nobilis
1577 589 1648 644 ab
1675 590 1950 660 Lam0,-—

937 670 1156 743 quando
1185 675 1241 726 et
1271 671 1476 741 priores
1506 670 1633 726 hinc
1662 670 1883 727 Lamias
1911 671 2096 727 ferunt

1020 752 1398 808 denominatos
1430 757 1486 808 et
1514 757 1778 824 nepotum

1097 851 1196 905 per
1222 851 1491 889 memores
1521 851 1692 904 genus
1720 852 1878 890 omne
1907 833 2079 890 fastos
2097 854 2113 905 3

938 919 1158 971 auctore
1186 915 1258 970 ab
1285 914 1382 971 illo
1415 914 1569 970 ducis
1600 916 1876 986 originem,
2520 933 2547 980 5

936 997 1033 1068 qui
1063 996 1408 1051 Formiarum
1441 997 1655 1052 moenia
1681 996 1884 1052 dicitur

1018 1078 1267 1149 princeps
1298 1082 1355 1133 et
1385 1078 1673 1133 innantem
1702 1077 1944 1133 Maricae

1095 1158 1351 1215 litoribus
1382 1159 1625 1214 tenuisse
1654 1158 1828 1213 Lirim

938 1239 1051 1296 late
1078 1244 1548 1312 tyrannus—cras
1577 1239 1723 1294 foliis
1752 1258 1943 1296 nemus

936 1320 1129 1377 multis
1158 1326 1214 1377 et
1243 1321 1367 1392 alga
1398 1321 1533 1376 litus
1563 1321 1749 1375 inutili
2495 1343 2549 1373 10

1019 1401 1255 1458 demissa
1283 1407 1587 1474 tempestas
1616 1402 1686 1457 ab
1717 1403 1863 1457 Euro
2082 1473 2084 1475 v

1098 1487 1324 1555 sternet,
1358 1501 1534 1555 aquae
1563 1484 1669 1538 nisi
1697 1482 1844 1538 fallit
1873 1501 2047 1554 augur

938 1582 1144 1620 annosa
1173 1565 1372 1620 cornix.
1465 1563 1598 1619 dum
1626 1569 1799 1636 potes,
1831 1565 2047 1619 aridum

938 1664 1197 1718 compone
1225 1645 1440 1717 lignum
1465 1667 1476 1702 ε
1521 1663 1639 1700 cras
1669 1645 1907 1701 Genium
1936 1663 2084 1701 mero

1018 1728 1231 1783 curabis
1261 1731 1319 1783 et
1348 1745 1509 1799 porco
1537 1727 1787 1783 bimestri
2492 1745 2545 1791 15

1098 1826 1223 1864 cum
1253 1808 1476 1864 famulis
1507 1826 1730 1879 operum
1761 1807 1972 1864 solutis.

1401 2005 1612 2061 XVIII

941 2111 1145 2183 Faune‚
1183 2111 1570 2183 Nympharum
1600 2111 1909 2182 fugientum
1939 2115 2162 2182 amator,
2281 2095 2302 2211 x
2344 2087 2465 2194 sss·

937 2210 1036 2265 per
1063 2210 1212 2249 meos
1242 2193 1379 2249 fines
1410 2197 1466 2249 et
1495 2194 1612 2264 apri
1733 2210 1831 2248 ura
2341 2195 2348 2213 ⁶
2385 2175 2481 2206 Χ

937 2274 1077 2330 lenis
1108 2273 1329 2330 incedas
1361 2273 1631 2345 abeasque
1659 2292 1843 2345 parvis

1020 2373 1223 2427 aequus
1253 2355 1507 2432 Qis,

938 2437 988 2493 si
1016 2441 1170 2492 tener
1195 2436 1356 2508 pleno
1388 2437 1537 2493 cadit
1565 2436 1772 2573 &edus
1800 2454 1958 2528 anno,
2522 2455 2550 2503 5

1633 2536 1707 2573 ris
1737 2505 1911 2573 sffflah

853 2495 1449 2735 OEssfflesunt
1478 2518 1562 2574 Ve

939 2600 1072 2655 vina
1098 2597 1356 2671 craterae,
1392 2604 1555 2655 vetus
1583 2617 1677 2654 ara
1706 2598 1882 2655 multo

1081 2685 1198 2736 mat
1227 2680 1407 2737 odore.

938 2761 1084 2818 ludit
1109 2761 1342 2818 herboso
1373 2779 1539 2833 pecus
1569 2780 1727 2818 omne
1758 2779 1962 2833 campO,

937 2861 1063 2899 cum
1090 2843 1196 2898 tibi
1225 2842 1422 2899 Nonae
1451 2843 1682 2899 redeunt
1712 2842 2043 2899 Decembres
2061 2862 2078 2912 3
2496 2864 2552 2895 πο

936 2924 1112 2981 festus
1140 2925 1197 2978 in
1227 2925 1404 2996 pratis
1434 2929 1598 2980 vacat
1626 2925 1800 2980 otioso

1020 3023 1141 3062 cum
1169 3005 1310 3061 bove
1341 3023 1515 3076 pagus
1536 3027 1552 3077 3

938 3088 1084 3142 inter
1110 3086 1344 3142 audaces
1373 3086 1537 3157 lupus
1567 3090 1714 3141 errat
1743 3103 1910 3157 agnos
1930 3105 1946 3155 3

938 3168 1149 3240 spargit
1178 3171 1421 3238 agrestes
1450 3167 1556 3222 tibi
1584 3166 1724 3222 silva
1753 3166 1971 3222 frondes
1991 3185 2007 3236 3

937 3248 1143 3321 gaudet
1175 3249 1187 3259 '
1233 3248 1408 3303 visam
1476 3265 1504 3303 e
1544 3246 1711 3303 ulisse
1738 3247 1911 3303 fossor
2498 3267 2551 3313 15

1016 3329 1274 3419 'ter-pede
1303 3334 1522 3386 terram.

1429 3534 1575 3591 XIX

943 3642 1228 3712 Quantum
1256 3645 1428 3700 distet
1456 3642 1527 3698 ab
1555 3640 1763 3696 Inacho

1026 3724 1251 3798 Codrus,
1284 3745 1381 3799 pro
1409 3724 1591 3797 patria
1619 3741 1727 3778 non
1757 3721 1990 3778 timidus
2019 3721 2173 3791 mori,
