2792 4334
427 301 522 350 120

1152 308 1206 368 Q.
1246 309 1508 362 HORATI
1549 312 1787 364 FLACCI

584 438 633 493 si
661 439 801 497 foret
829 441 933 499 hoc
959 448 1209 500 nostrum
1237 445 1355 500 fato
1382 445 1591 503 dilatus
1620 449 1674 503 in
1703 467 1917 520 aevum,

583 519 854 593 detereret
882 525 990 581 sibi
1017 524 1208 597 multa,
1242 526 1504 584 recideret
1535 548 1692 586 omne
1719 531 1867 603 quod
1894 531 2044 588 ultra

581 603 884 674 perfectum
914 606 1236 678 traheretur,
1270 612 1328 664 et
1355 609 1415 664 in
1442 628 1607 666 versu
1633 612 1881 669 faciendo
2456 640 2513 681 70

581 701 741 757 saepe
770 691 937 759 caput
963 688 1222 759 scaberet,
1255 689 1413 745 vivos
1442 696 1496 746 et
1524 693 1739 749 roderet
1768 712 1990 766 ungues.

580 783 742 839 saepe
769 768 961 824 stilum
987 773 1186 840 vertas,
1219 771 1422 827 iterum
1453 790 1591 844 quae
1619 774 1785 846 digna
1812 776 1920 847 legi
1946 777 2061 832 sint

579 848 899 921 scriptume,
930 867 1105 921 neque
1134 855 1192 907 te
1218 857 1284 907 ut
1314 853 1543 909 miretur
1571 856 1735 911 turba
1761 856 1990 928 laboreS,

580 933 871 986 contentus
899 931 1083 1002 paucis
1104 932 1413 991 lectoribus,
1500 954 1573 991 an
1602 941 1698 993 tua
1725 937 1949 995 demens

577 1010 782 1067 vilibus
810 1012 868 1067 in
897 1013 1265 1083 ludis-dictari
1295 1017 1536 1072 carmina
1565 1017 1760 1076 malis?
2453 1042 2509 1087 75

577 1110 687 1148 non
716 1111 848 1164 ego:
893 1113 1021 1150 nam
1050 1097 1185 1152 satis
1215 1084 1299 1153 es't
1328 1099 1573 1169 equitem
1602 1099 1738 1155 mihi
1764 1099 2039 1172 plaudere,
2072 1108 2137 1159 ut
2165 1101 2347 1157 audax

577 1176 907 1247 contemptis
935 1175 1057 1232 aliis
1085 1178 1307 1249 explosa
1333 1179 1644 1237 Arbuscula
1670 1181 1832 1239 dixit.

575 1274 702 1312 men
732 1262 952 1314 moveat
980 1258 1157 1314 cimex
1185 1260 1477 1334 Pantilius,
1510 1267 1611 1318 aut
1638 1263 1842 1320 cruciet
1869 1264 2018 1335 quod

576 1337 798 1395 vellicet
822 1339 1106 1396 absentem
1135 1341 1471 1413 Demetrius,
1502 1348 1602 1400 aut
1630 1344 1774 1416 quod
1802 1346 2024 1416 ineptus

578 1418 821 1476 Fannius
851 1420 1214 1494 Hermogenis
1242 1423 1427 1480 laedat
1455 1426 1685 1481 conviva
1712 1426 1946 1497 Tigelli‘e
2453 1440 2510 1482 80

577 1500 794 1558 Plotius
821 1506 877 1559 et
905 1502 1121 1575 VariUS‚
1155 1504 1446 1561 Maecenas
1475 1506 1875 1579 Vergiliusque,

575 1581 809 1654 Valgius
835 1588 893 1641 et
921 1585 1112 1656 probet
1142 1585 1274 1642 haec
1304 1586 1567 1643 Octavius
1597 1590 1837 1661 optimus
1864 1593 2031 1661 atque

578 1663 787 1721 Fuscus
814 1670 870 1722 et
897 1666 1031 1723 haec
1058 1668 1272 1723 utinam
1302 1667 1594 1725 Viscorum
1621 1669 1809 1727 laudet
1838 1676 2069 1743 uterque
2092 1674 2104 1729 1

575 1746 876 1804 ambitione
904 1748 1143 1820 relegata
1171 1754 1227 1806 te
1256 1749 1435 1806 dicere
1462 1768 1698 1822 possum,

576 1826 770 1898 Pollio,
803 1833 874 1899 te,
909 1829 1181 1902 Messalla,
1215 1837 1312 1888 tuo
1341 1850 1465 1887 cum
1491 1832 1677 1903 fratre,
1711 1833 1984 1905 simulque
2450 1848 2507 1902 85

575 1926 687 1981 VOS,
723 1909 920 1967 Bibule
949 1917 1005 1967 et
1033 1911 1203 1985 Servi,
1237 1913 1404 1969 simul
1431 1913 1515 1969 his
1544 1918 1619 1984 te,
1652 1914 1880 1972 candide
1908 1915 2094 1986 Furni,

575 1990 877 2061 complures
905 1993 1055 2064 alios,
1087 1993 1276 2050 doctos
1304 2012 1404 2066 ego
1432 2013 1567 2066 quos
1596 2000 1653 2052 et
1678 1996 1880 2052 amicos

573 2072 811 2143 prudens
838 2079 1114 2145 praetereo
1135 2095 1150 2145 3
1193 2075 1393 2146 quibus
1420 2076 1567 2147 haec,
1602 2078 1713 2133 sint
1741 2078 2173 2150 qualiacumque,

573 2153 821 2210 adridere
847 2154 1029 2226 velim,
1054 2155 1339 2227 dolituruS,
1372 2158 1420 2212 si
1446 2157 1700 2229 placeant
1726 2177 1823 2231 spe

573 2234 814 2291 deterius
838 2241 1040 2293 nostra.
1127 2237 1394 2308 Demetri,
1426 2243 1605 2311 teque,
1638 2239 1849 2312 Tigelli,
2444 2266 2505 2307 90

572 2315 964 2388 discipularum
991 2319 1134 2375 inter
1159 2318 1320 2375 iubeo
1349 2320 1561 2391 plorare
1591 2320 1892 2379 cathedras,

572 2398 607 2469 i,
639 2415 792 2470 puer,
823 2404 990 2471 atque
1017 2418 1136 2456 meo
1166 2401 1307 2457 citus
1335 2401 1469 2458 haec
1495 2402 1772 2458 subscribe
1799 2401 2003 2460 libello.

1089 2719 1333 2780 LIBER
1385 2721 1826 2783 SECUNDUS

1439 2921 1468 2977 I

536 3053 549 3080 ‘
568 3049 713 3106 Sunt
741 3052 941 3122 quibus
969 3053 1025 3109 in
1055 3057 1243 3110 satura
1268 3054 1459 3111 videar
1485 3056 1651 3112 nimis
1678 3074 1800 3114 acer
1828 3062 1885 3113 et
1912 3057 2061 3113 ultra

567 3130 746 3202 legem
776 3133 995 3190 tendere
1023 3153 1157 3206 opus
1175 3155 1193 3207 3
1235 3136 1351 3191 sine
1379 3137 1562 3192 nervis
1591 3137 1778 3209 altera,
1813 3138 2082 3209 quidquid

570 3215 859 3285 composui,
894 3233 1021 3287 pars
1048 3234 1162 3272 esse
1191 3221 1355 3288 putat
1384 3217 1700 3289 similesque
1727 3236 1973 3275 meorum

569 3292 721 3349 mille
750 3295 837 3351 die
865 3314 1055 3352 versus
1083 3296 1277 3353 deduci
1303 3317 1474 3370 posse.
1564 3299 1804 3370 Trebati,

570 3374 703 3445 quid
730 3374 943 3448 faciam,
977 3379 1313 3450 praescribe.'
1405 3382 1419 3409 ‘
1435 3381 1714 3452 quiescas'
1804 3383 1817 3409 ‘
1835 3399 1904 3438 ne
1930 3382 2142 3455 faciam,
2177 3386 2376 3458 inquiS,
2467 3408 2495 3454 5

570 3456 792 3512 omnino
820 3476 1010 3515 versus
1028 3460 1076 3517 2'
1165 3464 1179 3491 ⁶
1195 3461 1315 3516 aio!
1405 3464 1419 3490 ‘
1435 3479 1652 3533 peream
1680 3462 1838 3532 male,
1873 3464 1919 3518 si
1947 3482 2056 3520 non

570 3537 841 3608 optimum
869 3545 1023 3611 erat3
1064 3560 1255 3597 verum
1281 3561 1492 3614 nequeo
1520 3542 1792 3599 dormire.'
1883 3546 1896 3572 ‘
1912 3549 1999 3600 ter
2025 3549 2177 3603 uncti

569 3622 893 3675 transnanto
923 3621 1178 3694 Tiberim,
1211 3642 1401 3680 somno
1430 3624 1629 3695 quibus
1657 3629 1741 3680 est
1768 3643 1905 3696 opus
1932 3626 2061 3697 alto,

569 3699 953 3772 inriguumque
981 3721 1126 3759 mero
1154 3706 1257 3761 sub
1285 3710 1502 3761 noctem
1531 3723 1725 3778 corpus
1753 3706 2007 3765 habento

570 3785 669 3836 aut
697 3780 743 3836 si
772 3785 964 3838 tantus
992 3802 1141 3840 amor
1169 3786 1441 3843 scribendi
1470 3791 1525 3842 te
1553 3788 1712 3859 rapit,
1746 3788 1889 3844 aude
2437 3818 2495 3847 10
