2792 4334
986 279 1370 331 CARMINUM
1408 281 1540 331 LIB.
1580 279 1664 330 111

746 431 893 470 vana
919 431 1061 485 quae
1086 420 1250 486 porta
1276 414 1493 487 fugiens
1520 414 1732 472 eburna

746 496 1022 551 somnium
1050 494 1245 553 ducit‘l
1325 496 1594 553 meliusne
1621 494 1827 551 fluctus

745 577 824 632 ire
852 594 950 648 per
976 576 1168 648 longos
1196 578 1323 648 fuit,
1357 596 1430 634 an
1458 582 1704 635 recentes

825 675 1046 729 carpere
1072 658 1272 715 flores‘l

744 739 793 794 si
821 739 947 810 quis
972 738 1238 796 infamem
1264 739 1407 795 mihi
1434 758 1580 797 nunc
1607 740 1900 795 iuvencum

743 819 914 875 dedat
940 820 1131 891 iratae,
1162 820 1402 877 lacerare
1430 821 1576 877 ferro
1604 825 1662 877 et

743 900 994 972 frangere
1021 902 1202 958 enitar
1228 902 1393 958 modo
1423 902 1666 959 multum
1693 902 1868 958 amati

824 999 1030 1038 cornua
1056 984 1307 1040 monstri.

742 1062 1017 1134 inpudens
1044 1063 1184 1136 liqui
1212 1065 1426 1136 patrios
1455 1064 1709 1134 Penate8‚

742 1142 1018 1215 inpudens
1046 1144 1249 1201 Orcum
1280 1163 1475 1202 moror.
1565 1163 1600 1201 o
1627 1145 1856 1201 deorum

742 1226 792 1281 si
819 1226 946 1297 quis
972 1225 1109 1281 haec
1135 1225 1310 1297 audis,
1347 1227 1562 1283 utinam
1591 1227 1740 1283 inter
1767 1243 1941 1282 errem

824 1305 976 1362 nuda
1001 1306 1185 1363 leones
1208 1310 1220 1364 Ξ

742 1391 1043 1458 antequam
1071 1388 1251 1460 turpis
1278 1388 1482 1445 macies
1509 1388 1769 1445 decentes

743 1473 974 1541 occupet
1002 1469 1190 1541 malas,
1224 1474 1555 1542 teneraeque
1583 1486 1748 1526 sucus

743 1548 954 1606 defluat
980 1549 1229 1622 praedae,
1264 1551 1510 1623 speciosa
1537 1568 1743 1623 quaero

822 1649 1044 1703 pascere
1073 1632 1257 1703 tigres.

689 1713 725 1742 “
744 1711 874 1768 vilis
902 1712 1174 1785 Europe,''
1201 1718 1363 1785 pater
1389 1718 1594 1786 urguet
1622 1712 1836 1784 absenS,

687 1795 723 1822 “
744 1793 881 1866 quid
907 1794 1049 1850 mori
1076 1794 1295 1851 cessas?
1374 1799 1534 1867 potes
1562 1794 1666 1850 hac
1693 1793 1766 1850 ab
1797 1811 1928 1850 orno

741 1873 1045 1947 pendulum
1072 1893 1209 1932 zona
1236 1875 1378 1933 bene
1407 1881 1464 1932 te
1491 1880 1682 1932 secuta

821 1955 1037 2013 laedere
1065 1956 1282 2014 collum.

741 2037 860 2094 sive
888 2042 945 2094 te
973 2055 1136 2110 rupes
1164 2043 1222 2094 et
1249 2043 1417 2094 acuta
1444 2038 1559 2094 leto

741 2136 878 2174 saxa
896 2117 1199 2190 delectant,
1231 2137 1334 2192 age
1363 2123 1420 2176 te
1448 2118 1717 2191 procellae

742 2199 903 2256 crede
930 2200 1120 2271 veloci,
1152 2201 1262 2257 nisi
1288 2200 1421 2257 erile
1449 2201 1630 2257 mavis

822 2298 1044 2353 carpere
1070 2299 1304 2354 pensum

740 2363 925 2434 regius
953 2363 1193 2435 sanguis,
1226 2361 1593 2435 dominaeque
1621 2362 1770 2419 tradi

742 2442 1008 2500 barbarae
1034 2443 1242 2515 paelex.
1250 2444 1280 2470 '²
1297 2443 1312 2469 ²
1394 2443 1590 2500 aderat
1619 2445 1873 2516 querenti

739 2524 1015 2596 perfidum
1041 2524 1225 2581 ridens
1254 2523 1448 2581 Venus
1474 2530 1533 2582 et
1560 2526 1790 2581 remisso

818 2605 970 2662 filius
998 2623 1142 2664 arcu.

740 2704 884 2758 moX,
917 2686 1017 2744 ubi
1041 2686 1179 2743 lusit
1205 2687 1361 2757 satis,
1400 2689 1416 2715 ‘
1432 2687 1745 2759 abstinet0,'

741 2767 901 2838 dixit,
940 2768 1179 2824 ‘irarum
1207 2767 1528 2840 calidaeque
1555 2769 1722 2841 rixae,

739 2866 867 2905 cum
895 2848 1003 2905 tibi
1026 2849 1241 2906 invisus
1268 2848 1564 2906 laceranda
1590 2849 1787 2907 reddet

820 2948 1025 2987 cornua
1052 2935 1262 2989 taurus.

737 3029 878 3067 uxor
903 3011 1101 3082 invicti
1130 3011 1280 3067 Iovis
1307 3029 1427 3068 esse
1453 3012 1665 3069 nescis:

737 3093 903 3148 mitte
931 3092 1210 3164 singultus
1229 3112 1246 3164 3
1287 3092 1430 3150 bene
1456 3093 1601 3149 ferre
1627 3111 1886 3165 magnam

736 3173 886 3230 disce
914 3173 1232 3231 fortunam:
1278 3179 1380 3231 tua
1407 3179 1591 3231 sectus
1620 3174 1769 3231 orbis

816 3255 1044 3311 nomina
1069 3255 1273 3312 ducet.'

1163 3514 1438 3572 XXVIII

735 3650 904 3707 Festo
932 3650 1068 3723 quid
1096 3651 1283 3723 potius
1311 3651 1403 3707 die

816 3732 1072 3805 Neptuni
1098 3733 1338 3790 faciam?
1419 3751 1610 3805 prome
1634 3733 1979 3792 reconditum

2308 765 2367 811 45

2309 1170 2368 1215 50

2308 1574 2366 1620 55

2299 2793 2360 2835 70

2297 3196 2356 3242 75
