2792 4334
437 320 531 368 180

1155 321 1212 380 Q.
1252 319 1516 370 HORATI
1554 318 1790 370 FLACOI

596 432 777 512 nescio
805 457 949 529 quod
978 456 1202 528 cupiens
1229 455 1439 511 hortari
1466 455 1643 527 coepit
1670 453 1903 511 eundem

595 538 795 610 verbis,
827 557 964 611 quae
994 537 1190 594 timido
1217 554 1433 608 quoque
1460 541 1680 608 possent
1707 536 1906 592 addere
1932 537 2174 590 mentem
2198 550 2209 585 :

563 622 577 648 ‘
598 620 632 689 i,
663 619 822 691 bone,
853 638 959 692 quo
987 619 1164 675 virtus
1193 623 1292 674 tua
1319 623 1376 673 te
1404 623 1579 689 vocat,
1612 618 1633 673 i
1660 617 1795 690 pede
1821 618 2020 686 faust0,

595 702 826 773 grandia
851 700 1065 757 laturus
1091 700 1413 756 meritorum
1440 700 1713 771 praemia!
1796 698 1930 771 quid
1956 702 2070 753 stas
2088 696 2135 752 2²

596 788 723 854 post
752 782 884 839 haec
908 782 1005 837 ille
1033 786 1203 853 catus,
1238 782 1593 853 quantumvis
1619 782 1871 850 rusticus,
1909 781 1923 807 ⁶
1940 779 2061 849 ibit,

598 864 705 921 ibit
733 882 798 921 eo
825 882 931 936 quo
959 863 1046 918 vis
1073 863 1169 934 qui
1195 880 1388 918 zonam
1416 862 1655 934 perdidit
1672 863 1685 888 '
1712 862 1906 933 inquit.

598 946 809 1001 Romae
834 945 1034 1001 nutriri
1061 944 1198 1000 mihi
1225 943 1456 1015 contigit
1484 948 1648 1015 atque
1675 943 1869 1013 doceri,

597 1027 774 1083 iratus
801 1025 961 1082 Grais
990 1030 1261 1097 quantum
1289 1025 1562 1081 nocuisset
1587 1024 1845 1080 Achilles.

598 1108 842 1164 adiecere
868 1107 1043 1163 bonae
1069 1107 1234 1178 paulo
1260 1107 1385 1179 plus
1413 1107 1550 1162 artis
1575 1105 1844 1175 Athenae,

599 1189 809 1244 scilicet
834 1192 898 1243 ut
924 1188 1124 1245 vellem
1152 1206 1318 1244 curvo
1347 1188 1658 1259 dignoscere
1684 1190 1896 1242 rectum

598 1276 768 1342 atque
795 1270 936 1325 inter
964 1269 1132 1325 silvas
1160 1270 1423 1325 Academi
1449 1285 1704 1340 quaerere
1730 1284 1936 1323 verum.

599 1352 738 1408 dura
766 1350 861 1407 sed
887 1368 1133 1407 emovere
1161 1349 1279 1407 loco
1306 1369 1393 1407 me
1420 1355 1668 1422 tempora
1692 1353 1863 1420 grat0‚

599 1432 884 1504 civilisque
911 1432 1105 1487 rudem
1133 1430 1265 1488 belli
1293 1432 1427 1488 tulit
1454 1436 1637 1487 aestus
1665 1431 1722 1485 in
1749 1447 1903 1485 arma

601 1514 852 1570 Caesaris
878 1512 1120 1584 Augusti
1146 1531 1258 1568 non
1285 1530 1608 1584 responsura
1633 1512 1864 1568 lacertis

600 1595 746 1652 unde
776 1595 939 1651 simul
966 1595 1204 1666 primum
1234 1612 1321 1650 me
1348 1594 1600 1650 dimisere
1628 1592 1886 1664 Philippi,

600 1676 798 1733 decisis
825 1675 1089 1732 humilem
1115 1676 1300 1747 pinnis
1326 1675 1650 1746 inopemque
1676 1674 1894 1746 paterni
1938 1709 1946 1721 -

600 1763 658 1814 et
685 1757 844 1814 Laris
871 1762 927 1814 et
955 1756 1114 1813 fundi
1141 1761 1437 1828 paupertas
1465 1755 1668 1827 inpulit
1696 1754 1879 1810 audax

599 1844 666 1895 ut
691 1856 883 1895 versus
908 1838 1143 1895 facerem
1167 1860 1178 1895 :
1222 1838 1317 1894 sed
1345 1837 1489 1909 quod
1519 1855 1626 1892 non
1654 1836 1797 1892 desit
1825 1834 2120 1890 habentem

601 1938 743 1993 quae
770 1924 1031 1992 poterunt
1058 1937 1321 1991 umquam
1347 1919 1485 1974 satis
1512 1934 1809 1990 expurgare
1838 1916 2062 1986 cicutae,

601 2002 659 2056 ni
686 2001 882 2057 melius
910 2001 1145 2057 dormire
1173 2005 1362 2072 putem
1391 2017 1558 2071 quam
1585 1998 1815 2054 scribere
1844 1996 2071 2053 versus?

601 2082 819 2154 singula
846 2082 911 2138 de
939 2082 1097 2138 nobis
1125 2082 1256 2137 anni
1283 2080 1615 2153 praedantur
1641 2083 1832 2136 euntes
1855 2099 1866 2135 ε

602 2165 846 2236 eripuere
873 2164 1033 2234 iocos,
1064 2180 1333 2233 venerem,
1365 2161 1631 2231 convivia,
1662 2160 1856 2216 ludum
1882 2180 1898 2232 3

602 2245 843 2301 tendunt
869 2249 1190 2316 extorquere
1217 2248 1505 2315 poemata:
1548 2242 1681 2314 quid
1707 2242 1906 2297 faciam
1934 2240 2056 2296 vis‘l

602 2327 837 2398 denique
863 2344 972 2382 non
1002 2343 1189 2382 omnes
1217 2324 1407 2380 eadem
1434 2325 1705 2379 mirantur
1731 2326 2064 2393 amantque:

601 2409 840 2464 carmine
869 2412 933 2464 tu
959 2407 1180 2479 gaudes,
1214 2406 1302 2461 1110
1329 2405 1634 2461 delectatur
1659 2403 1872 2473 iambiS,

601 2488 694 2545 ille
725 2489 942 2545 Bioneis
971 2487 1313 2545 sermonibus
1341 2492 1397 2543 et
1426 2486 1538 2542 sale
1565 2487 1733 2557 nigro,

603 2576 715 2627 tres
745 2569 882 2625 mihi
909 2570 1173 2626 convivae
1201 2586 1367 2641 prope
1396 2568 1683 2624 dissentire
1710 2566 1984 2636 videntur,

602 2656 885 2724 poscentes
911 2652 1064 2707 vario
1091 2650 1332 2706 multum
1361 2649 1576 2706 diversa
1601 2648 1799 2721 palato.
1832 2683 1835 2685 Δ

603 2733 737 2805 quid
767 2732 926 2789 dem?
1009 2731 1140 2804 quid
1168 2749 1277 2787 non
1306 2731 1470 2788 dem‘l
1549 2730 1730 2787 renuis
1757 2733 1839 2800 tu,
1872 2727 2017 2800 quod
2046 2726 2204 2782 iubet
2231 2725 2371 2782 alter
2389 2747 2407 2799 3

604 2814 752 2886 quod
780 2814 934 2886 petia
968 2813 1028 2868 id
1055 2831 1184 2868 sane
1212 2816 1298 2868 est
1325 2812 1566 2868 invisum
1594 2810 1917 2881 acidumque
1946 2808 2173 2865 duobus.

603 2901 820 2967 praeter
846 2900 1025 2951 cetera
1051 2911 1137 2950 me
1168 2893 1445 2949 Romaene
1472 2896 1723 2965 poemata
1751 2908 1935 2948 censes

604 2977 837 3033 scribere
864 2994 1021 3048 posse
1048 2976 1193 3031 inter
1221 2978 1307 3030 tot
1335 2992 1493 3030 curas
1520 2978 1711 3045 totque
1738 2971 1986 3028 labores?

604 3057 694 3114 hic
722 3075 982 3130 sponsum
1010 3061 1185 3126 vocat,
1219 3056 1306 3111 hic
1335 3054 1587 3111 auditum
1615 3054 1831 3126 scripta,
1864 3051 2071 3108 relictis

604 3139 858 3195 omnibus
885 3138 1075 3194 officiis
1097 3159 1114 3210 3
1157 3136 1323 3193 cubat
1350 3135 1441 3191 1110
1468 3136 1526 3191 111
1555 3135 1688 3191 00110
1717 3133 1947 3203 Quirini,

606 3219 696 3277 hic
722 3226 965 3277 extremo
993 3220 1054 3275 in
1078 3218 1373 3288 Aventin0,
1407 3216 1667 3273 visendus
1694 3220 1957 3287 uterque:

605 3301 899 3358 intervalla
924 3301 1081 3358 vides
1108 3300 1348 3355 humane
1376 3297 1674 3354 commoda.
1766 3299 1987 3352 ‘verum

607 3400 776 3455 purae
802 3387 932 3439 sunt
960 3382 1189 3454 plateae,
1222 3379 1361 3435 nihil
1386 3384 1454 3435 ut
1481 3377 1879 3435 meditantibus
1908 3376 2124 3432 obstet.'

608 3463 837 3520 festinat
865 3464 1075 3520 calidus
1101 3462 1270 3519 mulis
1297 3461 1606 3533 gerulisque
1632 3459 1957 3529 redemptor,

609 3549 831 3617 torquet
858 3564 1003 3602 nunc
1029 3544 1283 3616 lapidem,
1314 3561 1462 3599 nunc
1488 3542 1678 3612 ingens
1705 3538 1959 3596 machina
1986 3540 2220 3611 tignum,

611 3626 797 3682 tristia
821 3626 1061 3682 robustis
1087 3626 1370 3681 luctantur
1397 3623 1591 3679 funera
1614 3621 1892 3694 plaustriS,

610 3706 713 3763 hac
741 3707 954 3763 rabiosa
979 3707 1123 3779 fugit
1152 3708 1317 3777 caniS,
1348 3705 1454 3761 hac
1479 3703 1755 3761 lutulenta
1781 3703 1896 3758 ruit
1924 3720 2049 3759 sus:

611 3790 631 3845 i
660 3807 807 3845 nunc
833 3793 891 3845 et
915 3807 1105 3845 versus
1134 3794 1317 3845 tecum
1345 3786 1611 3843 meditare
1640 3803 1861 3841 canoros
1884 3787 1896 3841 1

2456 472 2513 517 35

2458 880 2516 922 40

2461 1284 2517 1329 45

2467 1691 2522 1736 50

2470 2095 2524 2140 55

2474 3318 2530 3359 70

2476 3724 2531 3768 75
