2792 4334
444 349 535 400 150

1182 340 1237 400 Q.
1276 339 1538 391 HORATI
1576 340 1815 392 FLACCI

698 476 915 549 planius
944 494 1005 532 ac
1032 476 1229 533 melius
1263 475 1570 548 Chrysippo
1598 481 1655 534 et
1683 476 1949 535 Crantore
1976 476 2124 532 dicit.

698 577 797 615 cur
820 558 903 615 ita
929 557 1262 628 crediderim,
1293 557 1401 612 nisi
1429 557 1562 629 quid
1590 563 1646 615 te
1674 558 1921 630 distinet,
1953 558 2096 613 audi.

699 639 900 711 fabula,
935 657 1043 711 qua
1069 638 1284 694 Paridis
1310 644 1534 710 propter
1559 645 1813 697 narratur
1839 657 2077 696 amorem

699 720 930 778 Graecia
954 719 1236 776 barbariae
1262 719 1413 776 lento
1440 720 1628 778 collisa
1654 721 1849 793 due110,

698 802 996 869 stultorum
1023 819 1214 872 regum
1241 805 1296 857 et
1324 801 1648 873 populorum
1675 803 1923 859 continet
1949 806 2145 859 aestus.

699 883 949 939 Antenor
976 886 1160 938 censet
1187 882 1317 938 belli
1344 883 1652 954 praecidere
1681 902 1916 941 causam.

698 964 832 1036 quid
861 962 1054 1020 Paris?
1131 967 1198 1018 ut
1225 963 1411 1019 salvus
1439 969 1629 1036 regnet
1654 966 1918 1037 vivatque
1945 965 2154 1036 beatus1,

699 1046 818 1117 cogi
844 1062 1001 1116 posse
1027 1049 1207 1116 negat.
1294 1044 1500 1101 Nestor
1527 1064 1847 1118 componere
1871 1047 2000 1104 lites
2033 1100 2036 1105 .

699 1127 845 1183 inter
873 1125 1098 1182 Peliden
1127 1126 1358 1182 festinat
1386 1131 1444 1183 et
1472 1127 1617 1183 inter
1643 1127 1878 1184 Atriden
1901 1149 1913 1184 ε

699 1207 846 1263 hunc
872 1225 1039 1278 amor,
1072 1208 1154 1263 ira
1182 1209 1405 1280 quidem
1433 1209 1794 1265 communiter
1818 1209 1937 1264 urit
1962 1213 2276 1281 utrumque.

699 1288 969 1362 quidquid
995 1288 1231 1345 delirant
1258 1307 1424 1361 reges,
1456 1289 1772 1362 plectuntur
1799 1289 2015 1347 Achivi.

700 1370 982 1442 seditione,
1014 1370 1169 1442 dolis,
1205 1370 1401 1427 scelere
1427 1375 1595 1443 atque
1621 1371 1850 1428 libidine
1878 1377 1936 1428 et
1961 1372 2042 1427 ira

701 1451 899 1508 Iliacos
926 1452 1073 1507 intra
1097 1469 1283 1508 muros
1310 1457 1567 1524 peccatur
1593 1457 1649 1509 et
1678 1458 1848 1510 extra.

700 1551 902 1604 rursuS,
937 1532 1069 1604 quid
1095 1533 1275 1589 virtus
1302 1538 1360 1589 et
1387 1534 1522 1605 quid
1550 1535 1820 1606 sapientia
1847 1534 2034 1607 possit,

700 1613 838 1671 utile
863 1615 1148 1686 proposuit
1176 1614 1333 1670 nobis
1361 1615 1639 1686 exemplar
1667 1615 1888 1686 Ulixen,

700 1696 799 1768 qui
825 1695 1061 1751 domitor
1088 1695 1281 1751 Troiae
1308 1695 1611 1751 multorum
1638 1697 1898 1769 providus
1925 1697 2086 1754 urbes

699 1782 759 1833 et
786 1794 961 1833 mores
987 1776 1271 1834 hominum
1299 1777 1557 1848 inspexit,
1588 1776 1874 1849 latumque
1901 1796 1997 1850 per
2023 1796 2241 1850 aequor,

701 1857 832 1914 dum
862 1857 984 1928 sibi,
1017 1857 1149 1913 dum
1178 1859 1335 1913 sociis
1362 1858 1603 1914 reditum
1631 1863 1806 1931 parat,
1838 1877 2029 1930 aspera
2054 1859 2237 1916 multa

699 1939 948 2012 pertulit,
980 1938 1224 1995 adversis
1252 1957 1434 1995 rerum
1460 1939 1823 1996 inmersabilis
1852 1940 2027 1997 undis.

703 2020 958 2077 Sirenum
986 2038 1145 2077 voces
1174 2025 1232 2076 et
1261 2019 1451 2077 Circae
1477 2021 1673 2093 pocula
1698 2021 1879 2078 nosti:

703 2119 843 2174 quae
870 2102 920 2157 si
948 2119 1071 2157 cum
1098 2102 1261 2157 sociis
1288 2101 1497 2158 stultus
1526 2102 1862 2174 cupidusque
1890 2102 2135 2176 bibisset,

700 2183 808 2240 sub
831 2183 1054 2240 domina
1079 2182 1363 2240 meretrice
1389 2183 1585 2240 fuisset
1613 2184 1790 2255 turpis
1818 2189 1876 2240 et
1904 2201 2104 2256 excors,

700 2265 929 2321 vixisset
957 2265 1102 2320 canis
1130 2265 1430 2321 inmundus
1456 2264 1549 2321 vel
1574 2266 1748 2320 amica
1772 2264 1895 2321 luto
1922 2283 2028 2322 sus.

699 2364 800 2402 nos
825 2363 1083 2402 numerus
1110 2363 1300 2402 sumus
1329 2350 1385 2402 et
1413 2346 1597 2418 fruges
1624 2363 1937 2403 consumere
1965 2347 2100 2417 nati,

700 2427 886 2499 sponsi
914 2426 1218 2499 Penelopae
1246 2427 1544 2484 nebulones
1571 2427 1895 2500 Alcinoique

700 2509 760 2565 in
789 2513 911 2565 cute
940 2508 1179 2565 curanda
1208 2509 1330 2580 plus
1359 2527 1532 2581 aequo
1562 2513 1783 2581 operata
1808 2510 2083 2580 iuventus,

703 2590 793 2647 cui
819 2588 1107 2661 pulchrum
1138 2590 1249 2646 fuit
1276 2591 1334 2645 in
1362 2591 1571 2646 medios
1599 2590 1834 2647 dormire
1861 2590 1977 2648 dies
2004 2595 2060 2649 et

703 2671 778 2728 ad
805 2671 1095 2743 strepitum
1124 2671 1368 2727 citharae
1397 2676 1669 2728 cessatum
1697 2672 1893 2728 ducere
1921 2690 2120 2731 curam.

701 2758 769 2810 ut
795 2752 1045 2823 iugulent
1073 2752 1349 2808 hominem
1378 2758 1614 2825 surgunt
1643 2754 1712 2810 de
1738 2757 1898 2809 nocte
1924 2753 2163 2811 latrones
2187 2776 2200 2811 z

701 2839 769 2891 ut
796 2838 851 2890 te
878 2834 1058 2905 ipsum
1086 2851 1267 2890 serves
1296 2852 1406 2889 non
1436 2834 1858 2907 expergisceris?
1937 2836 2108 2906 atqui,

702 2916 752 2972 si
780 2914 929 2971 noles
956 2932 1134 2987 sanus,
1170 2932 1350 2970 curres
1378 2915 1706 2988 hydropicus
1730 2935 1746 2986 ;
1787 2919 1845 2972 et
1871 2915 1931 2971 ni

703 3014 890 3069 posces
919 3001 1048 3052 ante
1076 2996 1222 3051 diem
1250 2995 1454 3051 librum
1483 3014 1608 3052 cum
1636 2997 1859 3067 lumine,
1891 2997 1938 3052 si
1965 3015 2073 3052 non

703 3077 956 3134 intendes
983 3077 1229 3132 animum
1257 3077 1457 3132 studiis
1485 3082 1543 3133 et
1569 3077 1732 3133 rebus
1758 3076 2017 3147 honestiS,

705 3159 916 3215 invidia
940 3157 1031 3214 vel
1058 3176 1240 3214 amore
1266 3156 1404 3229 vigil
1430 3158 1763 3230 torquebere.
1851 3176 1980 3214 nam
2007 3177 2117 3229 our,

704 3258 844 3311 quae
870 3238 1097 3296 laedunt
1126 3238 1356 3310 oculum,
1388 3239 1618 3295 festinas
1645 3240 1861 3296 demere
1881 3261 1898 3311 3
1937 3240 1985 3295 si
2010 3240 2143 3311 quid

704 3326 794 3378 est
818 3321 1078 3392 animum,
1110 3320 1296 3376 differs
1326 3320 1552 3376 curandi
1578 3324 1797 3393 tempus
1825 3321 1883 3375 in
1911 3322 2152 3377 annum?

705 3401 998 3458 dimidium
1024 3402 1160 3458 facti
1187 3402 1282 3473 qui
1310 3401 1489 3473 coepit
1517 3401 1685 3458 habet
1710 3424 1721 3457 :
1762 3419 1951 3474 sapere
1972 3402 2147 3475 aude3

704 3483 882 3555 incipe
906 3486 918 3541 Ξ
962 3484 1055 3556 qui
1082 3487 1229 3539 recte
1259 3482 1483 3538 vivendi
1509 3486 1765 3554 prorogat
1792 3482 1998 3555 horam,

707 3565 946 3620 rusticus
974 3568 1254 3637 exspectat
1281 3563 1416 3619 dum
1444 3561 1651 3619 defluat
1679 3564 1892 3621 amnis:
1935 3570 1994 3620 at
2020 3565 2113 3622 ille

680 3677 683 3687 ‹
706 3643 916 3701 labitur
943 3650 1000 3701 et
1028 3644 1246 3702 labetur
1272 3646 1330 3700 in
1359 3662 1519 3700 omne
1547 3644 1806 3701 volubilis
1833 3662 2046 3703 aevum.

709 3727 994 3798 quaeritur
1020 3732 1310 3798 argentum
1338 3726 1628 3798 puerisque
1655 3726 1819 3782 beata
1845 3728 2091 3785 creandis

711 3824 848 3863 uxor
874 3812 933 3864 et
961 3808 1201 3865 incultae
1229 3811 1495 3880 pacantur
1522 3825 1738 3865 vomere
1764 3806 1951 3865 silvae.

2490 989 2545 1020 10

2489 1394 2543 1439 15

2486 1803 2545 1833 20

2487 2617 2546 2661 30

2486 3018 2561 3066 35-

2489 3427 2548 3470 40

2491 3829 2549 3876 45
