2792 4334
431 285 495 332 90

1156 285 1211 346 Q.
1253 285 1516 335 HORATI
1554 285 1795 335 FLACCI

769 463 774 467 -
828 424 927 476 aut
953 418 1047 476 ille
1075 423 1296 476 centum
1324 418 1564 474 nobilem
1592 417 1814 476 Cretam
1842 419 2071 476 urbibus

907 501 1089 558 ventis
1116 502 1296 557 iturus
1325 518 1433 554 non
1461 500 1588 572 suis,

828 583 1154 640 exercitatas
1183 587 1281 638 aut
1309 581 1451 653 petit
1481 581 1670 653 Syrtes
1699 582 1864 654 Noto,

910 668 1010 720 aut
1035 665 1210 720 fertur
1237 664 1446 719 incerto
1473 663 1626 720 mari.

827 746 1130 818 capaciores
1158 745 1292 800 affer
1319 744 1443 814 huc,
1471 763 1618 816 puer,
1651 745 1883 819 scyphos

910 833 966 884 et
997 827 1135 884 Chia
1162 827 1294 882 vina
1322 831 1419 881 aut
1450 826 1647 882 Lesbia

826 908 932 980 vel,
960 908 1105 981 quod
1131 909 1392 965 fluentem
1423 926 1682 964 nauseam
1711 914 1967 981 coerceat,

907 991 1099 1046 metire
1126 990 1285 1046 nobis
1315 988 1640 1046 Caecubum.

828 1089 1015 1127 curam
1043 1077 1358 1143 metumque
1388 1070 1636 1126 Caesaris
1665 1089 1844 1127 rerum
1872 1072 2031 1128 iuvat

908 1153 1055 1209 dulci
1081 1153 1264 1224 Lyaeo
1294 1152 1515 1208 solvere.

1441 1298 1497 1353 X

827 1392 983 1448 Mala
1008 1392 1188 1449 soluta
1214 1394 1370 1449 navis
1401 1393 1517 1448 exit
1544 1392 1676 1449 alite

905 1476 1082 1531 ferens
1110 1474 1346 1530 olentem
1375 1475 1691 1531 Maevium:

825 1560 892 1612 ut
921 1555 1152 1611 horridis
1180 1561 1477 1627 utrumque
1505 1556 1755 1612 verberes
1782 1554 1945 1626 latUS,

905 1636 1123 1709 Auster,
1158 1642 1432 1693 memento
1461 1638 1719 1693 fluctibus
1739 1658 1755 1709 3

827 1718 982 1790 niger
1009 1718 1266 1775 rudentes
1298 1719 1477 1774 Eurus
1506 1719 1721 1774 inverso
1749 1718 1887 1773 mari

904 1800 1211 1871 fractosque
1238 1818 1415 1856 remos
1450 1800 1666 1855 differat
1687 1821 1703 1872 3

824 1882 1072 1953 insurgat
1100 1881 1318 1954 Aquilo,
1354 1886 1593 1954 quantus
1622 1881 1750 1937 altis
1776 1879 2059 1937 montibus

904 1963 1110 2034 frangit
1139 1967 1436 2020 trementes
1464 1962 1616 2019 ilices
1638 1983 1652 2032 3

825 2062 923 2101 nec
950 2044 1101 2100 sidus
1129 2049 1250 2100 atra
1279 2051 1438 2101 nocte
1466 2046 1704 2100 amicum
1732 2048 2007 2116 appareat,

906 2144 1016 2197 qua
1043 2126 1219 2182 tristis
1243 2127 1412 2183 Orion
1442 2126 1590 2183 cadit
1610 2147 1626 2199 3

824 2208 1089 2278 quietiore
1117 2226 1214 2263 nec
1241 2208 1452 2263 feratur
1479 2225 1725 2279 aequore,

905 2306 1070 2360 quam
1100 2288 1268 2345 Graia
1296 2291 1566 2345 victorum
1594 2307 1804 2360 manUS‚

823 2387 949 2425 cum
978 2370 1161 2426 Pallas
1189 2376 1316 2426 usto
1344 2371 1514 2426 vertit
1541 2372 1680 2426 iram
1708 2371 1778 2426 ab
1806 2369 1914 2426 Ilio

862 2526 863 2529 Ἰ
903 2452 962 2506 in
989 2452 1195 2524 inpiam
1222 2452 1407 2508 Aiacis
1436 2458 1629 2509 ratem.

824 2550 856 2587 o
883 2538 1122 2603 quantus
1151 2535 1325 2590 instat
1354 2534 1557 2589 navitis
1586 2533 1750 2589 sudor
1778 2534 1890 2589 tuis

905 2615 1115 2686 tibique
1144 2614 1319 2687 pallor
1347 2615 1545 2685 luteus,

822 2700 881 2751 et
907 2695 1004 2751 illa
1030 2714 1138 2751 non
1167 2696 1340 2751 virilis
1370 2696 1649 2768 heiulatiO,

903 2794 1085 2848 preces
1114 2781 1169 2832 et
1198 2796 1453 2833 aversum
1480 2778 1551 2833 ad
1578 2777 1783 2848 Iovem,

825 2857 1024 2923 Ionius
1041 2858 1149 2914 udo
1178 2877 1303 2913 cum
1333 2860 1640 2930 remugiens
1669 2860 1820 2914 sinus

907 2939 1056 2995 Noto
1085 2940 1325 2995 carinam
1355 2941 1578 3011 ruperit.

824 3021 1006 3092 opima
1033 3020 1227 3092 quodsi
1257 3021 1458 3092 praeda
1485 3039 1649 3076 curvo
1676 3020 1836 3076 litore

902 3106 1150 3173 porrecta
1179 3120 1391 3173 mergos
1420 3102 1636 3171 iuveriS‚

824 3182 1147 3238 libidinosus
1176 3182 1533 3238 inmolabitur
1560 3200 1718 3254 caper

904 3269 960 3320 et
988 3282 1129 3335 agna
1158 3263 1615 3335 Tempestatibus.

1388 3407 1543 3464 XIII

669 3516 910 3573 Horrida
937 3522 1234 3589 tempestas
1263 3517 1474 3572 caelum
1504 3516 1777 3570 contraxit
1804 3519 1861 3570 et
1888 3514 2092 3570 imbres

751 3598 1012 3669 nivesque
1042 3600 1319 3655 deducunt
1347 3598 1538 3653 Iovem
1565 3618 1576 3653 ε
1620 3615 1764 3652 nunc
1791 3614 1954 3667 mare,
1988 3614 2131 3652 nunc
2160 3597 2332 3653 siluae

660 3677 923 3736 Threicio
952 3679 1225 3752 Aquilone
1253 3684 1452 3735 sonant
1478 3700 1490 3735 ι
1535 3679 1810 3748 rapiamus
1838 3678 2002 3733 amici

748 3761 1079 3816 occasionem
1109 3761 1176 3817 de
1205 3762 1308 3831 die,
1342 3762 1582 3831 dumque
1609 3760 1791 3815 virent
1817 3778 1996 3831 genua

2457 522 2514 567 30

2457 925 2514 974 35

2459 2149 2514 2180 10

2455 2964 2513 2993 20
