2792 4334
943 294 1433 347 Errs‘ruLARuM
1468 281 1598 346 Lm.
1638 295 1705 344 11.
1748 298 1774 345 1

525 429 682 486 infra
708 448 768 487 se
795 430 1019 502 positas,
1051 430 1361 487 exstinctus
1389 431 1668 488 amabitur
1697 429 1858 486 idem.

522 512 811 584 praesenti
839 510 943 567 tibi
968 515 1219 567 maturos
1245 511 1514 584 largimur
1540 513 1769 569 honores

525 591 901 664 iurandasque
930 596 1092 647 tuum
1120 610 1218 664 per
1245 612 1453 649 numen
1481 595 1735 666 ponimus
1763 610 1899 662 aras,

524 673 609 731 nil
642 674 912 730 oriturum
940 672 1094 744 aliae,
1128 673 1208 729 nil
1237 680 1424 730 ortum
1454 675 1566 731 tale
1595 676 1848 731 fatentes,

525 754 631 813 sed
659 760 792 811 tuus
820 754 909 810 hic
935 754 1187 827 populuS,
1220 757 1440 827 sapiens
1468 761 1527 812 et
1554 758 1733 813 iustus
1762 756 1819 811 in
1850 773 1958 810 uno

523 842 584 894 te
614 836 823 892 nostris
850 835 1101 906 ducibus,
1134 841 1191 891 te
1220 836 1385 893 Grais
1414 837 1784 906 anteferendo‚

524 922 715 975 cetera
741 934 1088 988 nequaquam
1117 917 1287 973 simili
1315 919 1528 975 ratione
1556 918 1826 989 modoque

522 998 794 1056 aestimat
819 1002 892 1067 et,
923 998 1032 1052 nisi
1059 1015 1199 1069 quae
1228 1000 1392 1055 terris
1421 1005 1633 1056 semota
1659 1001 1880 1071 suisque

523 1078 875 1152 temporibus
901 1078 1166 1135 defuncta
1191 1079 1365 1150 videt,
1396 1081 1617 1136 fastidit
1644 1085 1704 1137 et
1731 1081 1868 1149 odit,

523 1162 605 1217 sic
637 1161 823 1216 fautor
848 1164 1117 1232 veterum,
1149 1165 1215 1216 ut
1243 1161 1467 1217 tabulas
1495 1179 1716 1233 peccare
1745 1166 1999 1218 vetantes

522 1259 670 1315 quas
697 1241 784 1299 bis
812 1242 1054 1313 quinque
1081 1242 1191 1297 viri
1220 1248 1540 1314 sanxerunt,
1573 1243 1793 1300 foedera
1820 1261 2012 1315 regum

521 1322 621 1380 vel
650 1321 846 1380 Gabiis
872 1322 963 1378 vel
990 1340 1120 1379 cum
1147 1323 1339 1394 rigidis
1368 1329 1608 1395 aequata
1637 1324 1872 1393 Sabinis,

521 1403 855 1477 pontificum
880 1403 1067 1475 libros
1101 1422 1308 1460 annosa
1335 1404 1620 1461 volumina
1647 1410 1840 1462 vatum

521 1486 754 1542 dictitet
782 1484 1000 1541 Albano
1030 1485 1224 1541 Musas
1252 1486 1312 1542 in
1339 1492 1530 1543 monte
1556 1486 1783 1543 locutas

522 1568 587 1640 si,
627 1566 760 1638 quia
787 1565 1081 1623 Graiorum
1111 1571 1243 1622 sunt
1272 1567 1666 1639 antiquissima
1692 1586 1938 1641 quaeque

522 1648 739 1720 scripta
762 1646 855 1704 vel
881 1647 1107 1719 optima,
1142 1647 1383 1704 Romani
1412 1653 1715 1720 pensantur
1742 1649 1930 1706 eadem

523 1729 825 1801 scriptores
854 1729 1083 1800 trutina,
1118 1747 1228 1785 non
1256 1735 1344 1787 est
1373 1731 1523 1801 quod
1549 1730 1731 1786 multa
1758 1730 2083 1802 loquamur:

522 1810 608 1866 nil
637 1811 787 1866 intra
815 1814 900 1866 est
928 1809 1062 1882 olea,
1096 1809 1175 1865 nil
1205 1815 1365 1866 extra
1392 1817 1477 1868 est
1505 1812 1563 1866 in
1590 1829 1729 1868 nuce
1758 1812 1894 1882 duri,

520 1892 784 1948 venimus
812 1890 882 1947 ad
908 1909 1191 1947 summum
1219 1891 1491 1962 fortunae,
1523 1893 1802 1964 pingimus
1832 1898 1997 1964 atque

521 1971 820 2046 psallimus
847 1977 905 2029 et
932 1971 1213 2028 luctamur
1241 1973 1472 2029 Achivis
1501 1974 1715 2030 doctius
1742 1975 1939 2032 unctis.

522 2055 573 2110 si
603 2053 835 2110 meliora
861 2054 994 2124 dieS,
1029 2058 1095 2109 ut
1124 2054 1270 2123 vina,
1304 2059 1564 2126 poemata
1591 2055 1787 2126 reddit,

522 2136 666 2192 scire
694 2134 880 2205 velim,
911 2133 1120 2190 chartis
1148 2135 1392 2207 pretium
1422 2141 1624 2208 quotus
1652 2141 1870 2207 arroget
1898 2154 2087 2193 annus.

522 2217 766 2288 scriptor
790 2215 993 2272 abhinc
1020 2233 1194 2272 annos
1223 2222 1449 2273 centum
1477 2217 1573 2289 qui
1601 2217 1820 2289 decidit,
1855 2219 2000 2274 inter

522 2296 801 2370 perfectos
826 2301 1151 2368 veteresque
1178 2297 1371 2353 referri
1401 2298 1567 2354 debet
1595 2317 1665 2354 an
1694 2299 1839 2354 inter

519 2378 667 2436 viles
695 2382 865 2450 atque
892 2378 1103 2433 novos?
1184 2378 1445 2435 excludat
1472 2380 1653 2451 iurgia
1678 2380 1818 2436 finis

485 2462 500 2489 ‘
521 2465 613 2517 est
642 2464 806 2516 vetus
833 2463 1001 2530 atque
1030 2458 1249 2531 probuS,
1286 2465 1513 2516 centum
1540 2462 1636 2532 qui
1664 2461 1880 2532 perficit
1908 2462 2117 2519 annos,²

520 2540 701 2614 quid?
741 2540 838 2612 qui
864 2539 1102 2611 deperiit
1130 2540 1311 2596 minor
1336 2558 1450 2596 uno
1478 2559 1664 2598 mense
1692 2542 1784 2599 vel
1809 2560 1968 2611 anno,

520 2623 674 2678 inter
702 2639 839 2693 quos
866 2620 1183 2677 referendus
1213 2622 1358 2678 criti
1440 2628 1722 2679 veteresne
1752 2628 1959 2695 poetaS,

520 2721 593 2759 an
627 2720 765 2775 quos
794 2707 851 2759 et
877 2719 1137 2774 praesens
1166 2707 1224 2758 et
1252 2707 1474 2773 postera
1503 2709 1724 2775 respuat
1754 2704 1945 2760 aetas}

486 2787 501 2814 ‘
520 2785 635 2840 iste
663 2783 887 2855 quidem
916 2788 1133 2839 veteres
1161 2784 1310 2839 inter
1335 2790 1574 2855 ponetur
1601 2785 1846 2856 honeste,

519 2865 623 2937 qui
650 2865 742 2921 vel
768 2881 956 2921 mense
983 2863 1143 2920 brevi
1171 2864 1262 2920 vel
1290 2870 1413 2921 toto
1440 2871 1526 2921 est
1554 2866 1734 2922 iunior
1762 2866 1940 2923 ann0.'

518 2952 655 3002 utor
680 2946 962 3018 permissO,
995 2944 1311 3017 caudaeque
1339 2945 1482 3017 pilos
1509 2953 1575 3003 ut
1602 2949 1832 3019 equinae

518 3026 799 3099 paulatim
825 3026 970 3083 vello
999 3030 1058 3082 et
1087 3026 1247 3082 demo
1275 3045 1466 3099 unum,
1498 3029 1657 3084 demo
1687 3029 1858 3084 etiam
1883 3045 2074 3097 unum,
2134 3077 2136 3079 .

519 3108 662 3165 dum
689 3108 854 3164 cadat
881 3107 1069 3164 elusus
1097 3108 1311 3164 ratione
1337 3110 1551 3165 ruentis
1578 3110 1771 3180 acervi,

520 3190 624 3262 qui
651 3189 799 3247 redit
825 3190 884 3245 in
912 3189 1089 3245 fastos
1116 3194 1174 3244 et
1203 3190 1474 3245 virtutem
1503 3192 1765 3247 aestimat
1793 3190 1951 3245 annis

520 3272 871 3343 miraturque
899 3269 1041 3326 nihil
1069 3270 1177 3325 nisi
1203 3270 1352 3341 quod
1381 3270 1630 3328 Libitina
1657 3271 1910 3327 sacravit.

521 3351 743 3408 Ennius
770 3356 829 3408 et
855 3352 1074 3423 sapiens
1100 3355 1159 3406 et
1185 3349 1347 3407 fortis
1374 3356 1433 3407 et
1460 3351 1601 3409 alter
1632 3352 1910 3408 Homerus

519 3440 589 3492 ut
621 3433 799 3489 critici
827 3433 1035 3503 dicunt,
1068 3431 1270 3488 leviter
1297 3451 1490 3489 curare
1517 3435 1756 3502 videtur,

520 3532 639 3587 quo
665 3514 934 3587 promissa
961 3513 1166 3569 cadant
1194 3518 1252 3569 et
1279 3515 1498 3570 somnia
1527 3514 1890 3591 Pythagorea.

522 3596 780 3653 Naevius
806 3596 864 3651 in
892 3594 1153 3652 manibus
1179 3613 1292 3650 non
1320 3600 1408 3651 est
1436 3602 1495 3652 et
1523 3596 1805 3653 mentibus
1833 3595 2026 3652 haeret

521 3695 699 3749 paene
724 3676 951 3733 recensi
1032 3676 1170 3732 adeo
1197 3681 1456 3732 sanctum
1486 3683 1571 3734 est
1597 3682 1762 3733 vetus
1790 3695 1955 3733 omne·
1979 3696 2189 3749 poema.

521 3759 831 3831 ambigitur
858 3757 1128 3829 quotienS,
1161 3761 1288 3814 uter
1315 3762 1446 3814 utro
1472 3760 1549 3814 sit
1576 3759 1739 3831 prior,
1772 3758 1952 3814 aufert

2296 299 2387 352 173

2335 539 2388 582 15

2331 1349 2387 1394 25

2330 1757 2389 1800 30

2329 2160 2387 2206 35

2328 2566 2389 2608 40

2329 2968 2387 3014 45

2329 3375 2388 3420 50

2328 3780 2385 3825 55
