2792 4334
906 303 1396 355 EPISTULARUM
1433 303 1560 353 LIB.
1600 303 1640 352 Ι.
1680 305 1709 350 8

501 442 699 500 mirari
725 459 912 498 secum
940 441 1160 498 tacitus.
1248 442 1384 514 quid
1411 440 1627 497 multa?
1714 442 1728 469 ‘
1744 438 1980 509 benigne
1998 440 2011 464 ²

500 523 818 596 respondet.
909 524 924 550 ‘
939 527 1105 594 neget
1129 522 1228 580 ille
1255 523 1395 579 mihi
1412 524 1433 580 ‘l
1450 524 1464 549 ²
1549 525 1564 551 ‘
1580 525 1745 592 negat
1772 519 2038 590 inprobus
2063 525 2123 577 et
2149 526 2208 579 te

500 604 747 677 neclegit
773 608 870 661 aut
899 603 1121 660 horret.'
1205 604 1499 661 Vulteium
1525 619 1686 660 mane
1714 600 2007 672 Philippus

500 686 647 744 vilia
671 685 1005 742 vendentem
1032 686 1283 743 tunicato
1310 690 1498 742 scruta
1523 683 1740 758 popello

502 771 743 839 occupat
771 771 828 823 et
855 766 1067 823 salvere
1092 767 1250 824 iubet
1276 767 1461 839 prior3
1502 767 1595 823 ille
1624 764 1882 836 Philippo

502 865 769 906 excusare
795 848 1041 904 laborem
1067 852 1125 904 et
1151 849 1525 905 mercennaria
1548 846 1747 918 vincla,

502 929 660 1003 quod
685 947 798 985 non
823 946 984 985 mane
1013 928 1239 985 domum
1265 931 1525 999 venisset,
1557 929 1792 1000 denique
1821 926 1968 998 quod
1996 943 2107 982 non

502 1009 843 1084 providisset
869 1028 1012 1068 eum.
1105 1014 1118 1040 ‘
1134 1012 1214 1067 sic
1240 1011 1516 1082 ignovisse
1542 1014 1742 1082 putato

503 1110 595 1148 me
627 1091 749 1162 tibi,
781 1091 830 1147 si
856 1109 1018 1148 cenas
1044 1090 1207 1148 hodie
1234 1092 1487 1148 mecum.'
1573 1094 1588 1121 ‘
1603 1095 1671 1147 ut
1697 1088 1872 1146 libet.'
1958 1092 1972 1118 ‘
1990 1106 2119 1161 ergo

502 1176 639 1246 post
665 1189 868 1228 nonam
894 1173 1083 1229 venies
1104 1195 1120 1246 ;
1158 1191 1306 1229 nunc
1333 1173 1369 1244 i,
1403 1191 1518 1229 rem
1546 1176 1804 1228 strenuus
1833 1169 2007 1241 auge!

502 1259 572 1310 ut
597 1257 836 1310 ventum
864 1253 936 1309 ad
964 1272 1156 1310 cenam
1183 1259 1286 1324 est,
1318 1252 1551 1310 dicenda
1575 1252 1811 1308 tacenda
1837 1251 2056 1308 locutus

503 1334 741 1394 tandem
770 1334 1071 1391 dormitum
1100 1335 1423 1392 dimittitur.
1508 1334 1598 1390 hic
1626 1333 1725 1390 ubi
1751 1350 1912 1404 saepe

505 1415 792 1473 occultum
819 1416 972 1472 visus
1001 1416 1284 1473 decurrere
1310 1416 1477 1488 piscis
1503 1416 1575 1471 ad
1602 1415 1848 1485 hamum,

503 1515 674 1554 mane
701 1496 871 1553 cliens
897 1501 956 1553 et
982 1498 1093 1553 iam
1121 1502 1303 1554 certus
1334 1496 1581 1567 conviva,
1615 1497 1839 1553 iubetur

504 1596 642 1635 rura
668 1577 986 1635 suburbana
1011 1578 1237 1634 indictis
1266 1596 1448 1635 comes
1475 1578 1553 1634 ire
1581 1577 1815 1634 Latinis.

503 1660 787 1732 inpositus
814 1660 1033 1716 mannis
1060 1677 1255 1716 arvum
1284 1659 1603 1731 caelumque
1635 1658 1903 1716 Sabinum

506 1759 624 1797 non
652 1744 832 1797 cessat
857 1740 1099 1799 laudare.
1185 1741 1340 1797 videt
1369 1740 1622 1811 ridetque
1651 1739 1961 1810 Philippus,

505 1827 567 1879 et
593 1822 707 1878 sibi
735 1821 870 1878 dum
897 1823 1159 1894 requiem,
1192 1822 1328 1878 dum
1358 1822 1501 1877 risus
1528 1821 1771 1892 undique
1801 1818 2036 1891 quaerit,

505 1904 650 1960 dum
676 1907 890 1975 septem
917 1903 1090 1959 donat
1117 1903 1390 1974 sestertia,
1423 1906 1622 1959 mutua
1648 1905 1860 1973 septem

503 1985 810 2057 promittit,
841 1984 1134 2057 persuadet
1162 1985 1250 2041 uti
1278 1989 1553 2041 mercetur
1579 1983 1833 2056 agellum.

503 2070 801 2123 mercatur.
887 2083 957 2122 ne
986 2071 1044 2122 te
1069 2065 1248 2138 longis
1278 2065 1604 2136 ambagibus
1631 2064 1800 2120 ultra·

507 2165 682 2220 quam
709 2148 849 2204 satis
875 2152 961 2203 est
989 2165 1180 2217 morer,
1214 2165 1283 2203 ex
1310 2146 1492 2203 nitido
1518 2146 1585 2201 fit
1612 2145 1851 2201 rusticus
1878 2147 2047 2216 atque

506 2228 694 2285 sulcos
721 2233 781 2285 et
807 2229 999 2284 vineta
1025 2232 1211 2300 crepat
1240 2246 1408 2299 mera,
1441 2230 1733 2300 praeparat
1759 2224 1954 2296 ulmOS,

506 2310 812 2365 inmoritur
837 2309 1038 2365 studiis
1067 2314 1124 2366 et
1152 2328 1336 2366 amore
1366 2309 1601 2365 senescit
1631 2306 1886 2363 habendi.

508 2409 710 2447 verum
737 2391 839 2447 ubi
866 2408 995 2447 oves
1022 2390 1187 2462 furto,
1222 2390 1417 2447 morbo
1444 2390 1654 2462 periere
1681 2387 1935 2460 capellae,

507 2489 670 2544 spem
696 2472 935 2528 mentita
960 2489 1130 2543 seges
1162 2472 1265 2528 bos
1294 2475 1379 2528 est
1409 2475 1635 2528 enectus
1662 2469 1883 2540 arando,

507 2553 755 2610 offensus
784 2553 1002 2609 damnis
1029 2553 1213 2609 media
1242 2553 1309 2609 de
1338 2557 1500 2608 nocte
1528 2550 1804 2608 caballum

506 2635 711 2706 arripit
736 2634 1023 2706 iratusque
1052 2633 1300 2706 Philippi
1328 2633 1512 2690 tendit
1538 2632 1610 2689 ad
1638 2632 1816 2688 aedes.

507 2733 680 2788 quem
708 2715 876 2771 simul
901 2715 1123 2788 aspexit
1151 2714 1410 2771 scabrum
1436 2716 1829 2785 intonsumque
1857 2710 2164 2783 Philippus,

471 2801 487 2828 ‘
507 2796 722 2867 duruS,'
749 2797 848 2867 ait,
884 2799 899 2827 ‘
914 2796 1127 2866 Vultei,
1160 2796 1326 2851 nimis
1353 2799 1715 2867 attentusque
1741 2792 1948 2850 videris

508 2895 634 2935 esse
659 2877 837 2933 mihi.²
924 2879 940 2906 ‘
954 2876 1050 2950 pol
1076 2895 1165 2934 me
1191 2878 1472 2948 miserum,
1504 2881 1750 2949 patrone,
1780 2890 2019 2945 vocares,

508 2959 561 3015 si
585 2958 764 3015 velles
779 2959 793 2985 '
822 2959 1008 3031 inquit
1040 2959 1056 2986 ‘
1072 2976 1266 3015 verum
1293 2958 1434 3014 mihi
1461 2975 1662 3030 ponere
1690 2973 1906 3012 nomen.

509 3040 665 3112 quod
693 3044 752 3097 te
779 3057 877 3112 per
904 3039 1147 3097 Genium
1175 3039 1538 3110 dextramque
1566 3038 1804 3109 deosque
1833 3035 2072 3093 Penates

509 3120 740 3178 obsecro
768 3125 827 3177 et
854 3120 1117 3191 obtestor,
1151 3121 1300 3176 vitae
1327 3138 1418 3176 me
1447 3119 1613 3176 redde
1641 3119 1809 3191 priori
1833 3117 1876 3173 !'

509 3203 612 3274 qui
641 3201 813 3258 semel
839 3203 1070 3274 aspexit,
1104 3205 1376 3273 quantum
1404 3200 1633 3256 dimissa
1657 3198 1852 3271 petitis

509 3287 816 3354 praestent,
849 3287 1068 3339 mature
1094 3282 1284 3339 redeat
1310 3286 1637 3354 repetatque
1663 3280 1869 3337 relicta.

510 3364 706 3423 metiri
732 3382 792 3422 se
821 3381 1094 3437 quemque
1120 3381 1221 3420 suo
1248 3363 1474 3421 modulo
1501 3381 1564 3420 ac
1590 3361 1731 3435 pede
1757 3376 1952 3418 verum
1978 3362 2079 3417 est.

1245 3556 1401 3613 VIII

513 3677 684 3736 Celso
709 3677 950 3751 gaudere
978 3682 1036 3735 et
1065 3678 1204 3735 bene
1230 3694 1348 3733 rem
1374 3692 1564 3749 gerere
1591 3674 1945 3731 Albinovano

512 3759 685 3817 Musa
711 3765 907 3832 rogata
932 3761 1090 3830 refer,
1124 3759 1314 3818 comiti
1344 3757 1663 3830 scribaeque
1692 3756 1947 3814 Neronis.

2264 304 2356 357 157

2302 1112 2364 1154 70

2306 1515 2367 1561 75

2313 3136 2375 3183 95
