2792 4334
1145 312 1153 319 ·
1230 290 1439 341 EPODI

679 424 834 482 voles
861 425 1057 494 sonari,
1089 429 1155 481 tu
1185 428 1201 454 ‘
1217 424 1451 496 pudica‚'
1483 430 1545 481 tu
1580 426 1595 453 ‘
1611 421 1782 496 proba
1799 421 1812 446 '

678 506 1088 578 perambulabis
1115 510 1270 561 astra
1295 504 1452 562 sidus
1480 523 1722 562 aureum.

678 587 904 643 infamis
932 586 1180 643 Helenae
1211 587 1412 644 Castor
1443 587 1679 643 offensus
1706 584 1825 640 vice

677 667 959 740 fraterque
987 669 1174 740 magni
1205 668 1469 738 Castoris,
1501 669 1641 724 victi
1667 683 1838 738 prece,

680 749 943 821 adempta
968 750 1087 806 vati
1115 749 1405 805 reddidere
1435 749 1683 805 lumina:

681 834 741 886 et
769 834 1072 903 tu—potes
1099 830 1471 886 nam—solve
1499 849 1587 887 me
1616 828 1910 899 dementia,

681 929 715 967 o
741 929 841 967 nec
867 912 1111 984 paternis
1140 911 1389 968 obsoleta
1419 911 1694 981 sordibuS,

681 1010 783 1049 nec
809 993 868 1048 in
894 993 1197 1064 sepulchris
1226 1010 1530 1065 pauperum
1558 992 1802 1064 prudens
1830 1008 1967 1047 anus

680 1073 1036 1130 novendiales
1062 1074 1327 1145 dissipare
1355 1074 1630 1146 pulveres.

682 1154 791 1211 tibi
818 1154 1090 1227 hospitale
1116 1160 1310 1227 pectus
1339 1160 1400 1211 et
1428 1172 1596 1227 purae
1624 1171 1837 1223 manus,

683 1240 922 1308 tuusque
948 1241 1144 1293 venter
1172 1236 1545 1305 Pactumeius,
1579 1240 1640 1292 et
1665 1239 1764 1291 tuo

684 1334 872 1373 cruore
899 1317 1093 1373 rubros
1122 1317 1401 1374 obstetrix
1428 1335 1641 1389 pannos
1666 1316 1824 1383 lavit,

683 1402 984 1470 utcumque
1012 1399 1172 1455 fortis
1203 1398 1388 1454 exsilis
1419 1416 1698 1470 puerpera.

649 1483 663 1508 ‘
684 1479 821 1551 quid
849 1480 1114 1536 obseratis
1145 1480 1371 1535 auribus
1401 1479 1591 1536 fundis
1618 1478 1845 1551 preces?

686 1579 798 1616 non
825 1578 959 1617 saxa
986 1561 1149 1617 nudis
1179 1560 1432 1617 surdiora
1457 1561 1666 1617 navitis

687 1641 987 1713 Neptunus
1014 1642 1128 1698 alto
1160 1642 1347 1698 tundit
1376 1642 1644 1698 hibernus
1670 1641 1801 1698 sa10.

685 1723 900 1780 inultus
926 1728 994 1780 ut
1021 1729 1086 1780 tu
1112 1724 1297 1780 riseris
1327 1723 1584 1794 Ootyttia

685 1804 932 1876 vulgata,
959 1822 1182 1861 sacrum·
1203 1803 1362 1861 liberi
1393 1803 1701 1876 Cupidinis,

687 1890 747 1942 et
775 1885 1052 1958 Esquilini
1077 1885 1329 1958 pontifex
1358 1885 1590 1942 venefici

687 1967 895 2039 inpune
923 1973 981 2024 et
1007 1967 1202 2024 urbem
1230 1968 1455 2023 nomine
1483 1965 1709 2039 inpleris
1735 1965 1902 2022 meo?

689 2049 824 2121 quid
851 2049 1107 2121 proderat
1137 2049 1344 2105 ditasse
1376 2047 1673 2119 Paelignas
1698 2065 1839 2103 anus

687 2129 998 2186 velociusve
1025 2131 1306 2186 miscuisse
1333 2130 1620 2186 toxicum?

686 2210 787 2267 sed
813 2211 1055 2268 tardiora
1080 2212 1200 2267 fata
1227 2216 1285 2267 te
1309 2211 1460 2267 votis
1488 2214 1715 2266 manent
1739 2231 1751 2264 ε

687 2293 908 2364 ingrata
933 2293 1130 2349 misero
1159 2293 1280 2348 vita
1306 2292 1558 2348 ducenda
1586 2296 1674 2347 est
1699 2292 1757 2346 in
1787 2289 1903 2359 hoc,

688 2374 847 2430 novis
872 2378 940 2430 ut
967 2392 1140 2446 usque
1170 2378 1435 2446 suppetas
1463 2372 1759 2429 doloribus,

691 2460 851 2527 optat
878 2456 1119 2527 quietem
1149 2455 1369 2526 Pelopis
1397 2454 1558 2510 infidi
1584 2458 1760 2527 pater,

689 2554 855 2608 egens
880 2537 1148 2609 benignae
1177 2535 1448 2591 Tantalus
1475 2552 1689 2606 semper
1715 2533 1890 2605 dapiS‚

690 2621 852 2690 optat
877 2618 1241 2674 Prometheus
1272 2617 1550 2689 obligatus
1579 2616 1717 2686 aliti,

691 2704 850 2771 optat
877 2717 1130 2771 supremo
1161 2699 1424 2755 collocare
1454 2697 1723 2769 Sisyphus

690 2781 750 2836 in
780 2785 967 2836 monte
994 2797 1229 2847 saxum3
1268 2779 1364 2836 sed
1393 2782 1592 2835 vetant
1621 2778 1767 2850 leges
1796 2776 1961 2833 Iovis.

690 2861 844 2917 voles
871 2861 1033 2918 modo
1059 2860 1193 2917 altis
1222 2860 1442 2917 desilire
1470 2859 1730 2929 turribus,

691 2943 855 2999 modo
881 2961 1010 2999 ense
1035 2948 1230 3015 pectus
1257 2942 1463 2998 Norico
1490 2939 1784 3008 recludere,

691 3024 1007 3096 frustraque
1033 3024 1218 3080 vincla
1245 3023 1466 3095 gutturi
1492 3027 1679 3078 nectes
1706 3026 1805 3077 tuo

693 3104 985 3162 fastidiosa
1011 3106 1191 3161 tristis
1223 3104 1570 3177 aegrimonia.

690 3187 952 3243 vectabor
980 3187 1182 3242 umeris
1212 3191 1343 3242 tunc
1372 3203 1474 3256 ego
1501 3183 1738 3239 inimicis
1768 3200 1948 3254 equeS,

690 3285 953 3340 meaeque
981 3272 1127 3324 terra
1155 3266 1310 3323 cedet
1337 3265 1677 3322 insolentiae.

693 3366 765 3404 an
793 3366 933 3421 quae
960 3366 1179 3404 movere
1207 3365 1386 3404 cereas
1415 3347 1697 3418 imagines,

691 3434 759 3486 ut
785 3430 901 3502 ipse
928 3430 1075 3486 nosti
1103 3429 1362 3499 curiosus,
1396 3434 1456 3484 et
1482 3426 1609 3499 polo

692 3510 935 3583 deripere
963 3510 1156 3567 lunam
1183 3509 1409 3565 vocibus
1437 3508 1642 3581 possim
1671 3507 1823 3576 meis,

692 3593 897 3663 possim
924 3598 1197 3649 crematos
1225 3591 1466 3646 excitare
1493 3593 1739 3645 mortuos

694 3673 1035 3746 desiderique
1062 3678 1368 3745 temperare
1397 3670 1671 3743 poculum,

692 3754 901 3827 plorem
930 3755 1068 3810 artis
1096 3755 1154 3810 in
1184 3760 1240 3809 te
1270 3753 1348 3808 nil
1376 3753 1596 3824 agentis
1626 3752 1805 3807 exitus
1824 3750 1844 3807 ’Ζ
1861 3750 1873 3774 ²

2308 292 2371 344 95

2315 449 2375 492 40

2317 820 2488 898 45⁸

2320 1257 2379 1303 50

2321 1661 2379 1708 55

2324 2879 2383 2920 70

2323 3282 2381 3328 75
