2792 4334
450 306 541 352 196

827 302 883 363 Q.
921 299 1182 352 HORATI
1219 297 1459 349 FLAOCI
1495 298 1588 348 DE
1622 298 1801 349 ARTE
1836 297 2127 348 POETICA

814 389 913 452 δ’
1101 388 1145 437 y
1315 389 1370 444 :⁵
1590 378 1644 443 4

685 457 952 496 vesanum
978 438 1225 510 tetigisse
1251 436 1453 492 timent
1478 434 1806 508 fugiuntque
1830 398 2052 507 ffletam

685 503 786 593 qiu
809 500 1068 594 sapiunt3
1107 519 1324 590 agitant
1348 516 1505 589 pueri
1531 517 1844 589 incautique
1871 519 2189 587 sequuntur.

686 602 780 659 hic
805 602 939 659 dum
966 601 1217 658 sublimis
1243 615 1434 674 versus
1461 603 1712 678 metatur
1738 603 1795 655 et
1821 602 1985 668 errat,

687 684 738 741 si
764 667 1922 752 νεΙπῖᾖῖὗῐΠῑέἼῇἷὲῖὗῇῗᾶθοῖὢῬωοθρε

688 767 751 822 in
776 770 1005 838 puteum
1031 764 1329 831 foveamve,
1361 760 1490 816 licet
1523 764 1538 791 ‘
1555 761 1848 818 succurrite
1864 761 1877 787 ’
1906 759 2131 831 longum

690 847 890 904 clamet
924 846 1006 901 ‘io
1033 845 1177 901 cives
1202 843 1245 900 !'
1272 860 1382 898 non
1411 843 1484 897 sit
1513 843 1609 914 qui
1636 842 1826 900 tollere
1852 846 2019 898 curet.

689 929 742 985 si
768 932 920 985 curet
947 927 1070 998 quis
1098 942 1257 997 opem
1282 924 1426 979 ferre
1453 927 1511 980 et
1538 923 1826 980 demittere
1853 922 2059 993 funem,

655 1014 669 1040 ‘
686 1010 786 1082 qui
811 1009 931 1079 sois,
965 1025 1035 1063 an
1062 1005 1300 1079 prudens
1327 1004 1437 1060 huc
1464 1023 1522 1061 se
1550 1005 1835 1077 proiecerit
1862 1007 2030 1076 atque

690 1090 895 1147 servari
922 1088 1062 1144 nolit
1078 1087 1098 1144 2
1112 1087 1127 1113 '
1155 1087 1350 1157 dicam,
1385 1075 1554 1142 Simili
1594 1102 1662 1142 ue
1688 1078 1881 1158 poetae

692 1171 923 1228 narrabo
950 1170 1251 1226 interitum.
1337 1148 1472 1224 deffis
1500 1104 1806 1223 inffiortalis
1832 1138 2023 1223 haberi

691 1235 827 1309 <him
853 1231 1008 1324 cufflt
1035 1236 1407 1322 Emp'fflocles,
1439 1248 1721 1304 ardentem
1747 1247 1981 1318 frigidus
2006 1245 2249 1302 Aetnam

692 1333 924 1390 insiluit.
1011 1332 1084 1388 sit
1111 1331 1198 1387 ius
1225 1330 1495 1402 liceatque
1524 1347 1562 1402 p
1624 1330 1636 1341 ”
1667 1347 1698 1385 e
1723 1328 1936 1401 poetis:

691 1415 935 1471 invitum
962 1414 1057 1485 qui
1083 1417 1282 1482 servat,
1313 1402 1462 1487 idem
1488 1410 1547 1466 fa
1581 1347 1758 1502 'ltlsece‘
1802 1390 1933 1466 enti.

692 1515 794 1553 nec
819 1494 990 1552 semel
1016 1493 1117 1549 hoc
1143 1493 1289 1563 fecit,
1320 1511 1437 1562 nec,
1467 1492 1516 1548 si
1542 1496 1746 1548 retract
1838 1490 1946 1547 erit
1971 1490 2098 1559 iam,

693 1577 795 1634 fiet
819 1577 984 1633 homo
1011 1579 1067 1631 et
1094 1579 1262 1646 ponet
1289 1574 1530 1629 famosae
1556 1573 1750 1629 mortis
1777 1589 2031 1628 amorem.

694 1678 796 1716 nec
820 1659 958 1715 satis
985 1660 1228 1729 apparet,
1260 1673 1355 1711 cur
1381 1672 1574 1710 versus
1603 1653 1834 1725 fantitet,
1866 1657 2054 1708 utrum

695 1740 958 1796 minxerit
985 1739 1043 1794 in
1070 1737 1278 1809 patrios
1305 1737 1527 1804 cineres,
1558 1753 1630 1791 an
1657 1727 1816 1790 triste
1842 1733 2091 1790 bidental

694 1822 933 1892 moverit
957 1820 1233 1875 incestus:
1275 1821 1421 1874 certe
1448 1816 1586 1872 furit
1633 1834 1694 1872 ac
1720 1814 1875 1872 velut
1903 1831 2062 1870 ursus

697 1891 938 1959 obiectos
966 1886 1158 1957 caiveae
1187 1878 1365 1955 vafuit
1392 1878 1443 1955 s'i
1468 1859 1715 1969 fian}ere
1745 1874 1959 1966 cla‘tros,

695 1984 981 2040 indoctum
1008 1982 1336 2052 doctumque
1364 1979 1523 2050 fugat
1549 1979 1805 2035 recitator
1831 1976 2096 2047 acerbusj,
2192 2015 2195 2019 ⁴

696 2083 859 2137 quem
885 2081 1016 2122 vero
1043 2063 1458 2152 arripuit5tenet
1486 2059 1791 2131 occiditque
1817 2058 1869 2116 le
2014 2075 2061 2128 0,

694 2165 807 2204 non
832 2147 1069 2204 missura
1095 2149 1279 2202 cutem
1305 2143 1416 2201 nisi
1443 2143 1607 2216 plena
1631 2141 1854 2216 eruoris¹
1903 2139 2073 2212 itudo²

698 2208 1088 2230 Μ

2441 451 2528 498 455

2446 1254 2534 1310 465

2448 1672 2538 1714 470

2453 2074 2539 2121 475
