2792 4334
435 245 500 298 80

1167 246 1223 306 Q.
1254 248 1517 299 HORATI
1556 248 1794 299 FLACOI

918 387 977 440 te
1004 382 1201 454 copias,
1233 385 1289 436 te
1318 378 1604 435 consilium
1631 384 1687 434 et
1715 383 1843 435 tuos

919 464 1213 537 praebente
1241 461 1414 517 divos.
1500 478 1628 515 nam
1655 460 1777 531 tibi,
1811 478 1919 531 quo
1945 458 2036 515 die

998 548 1188 617 portus
1215 541 1820 613 Alexandrea'supplex
2035 542 2039 545 ’

1078 629 1135 681 et
1162 641 1392 679 vacuam
1421 624 1680 694 patefecit
1709 623 1908 694 aulam,

920 708 1166 763 Fortuna
1193 705 1366 759 lustro
1394 722 1652 775 prospera
1678 705 1843 760 tertio

919 788 1050 845 belli
1076 785 1338 842 secundos
1367 785 1608 841 reddidit
1635 786 1832 853 exitus,

998 868 1322 937 laudemque
1353 872 1410 922 et
1511 871 1635 922 tatu
1909 866 1927 920 i

919 1038 977 1089 te
1007 1029 1282 1089 Cantaber
1309 1048 1417 1084 non
1445 1033 1575 1085 ante
1604 1028 1891 1084 domabilis

920 1112 1225 1183 Medusque
1253 1116 1309 1167 et
1338 1110 1529 1180 Indus,
1563 1115 1618 1165 te
1645 1109 1907 1181 profugus
1938 1108 2171 1179 Scythes

1000 1194 1249 1261 miratur,
1278 1211 1308 1247 o
1338 1191 1517 1248 tutela
1545 1208 1798 1263 praesens

1081 1274 1277 1330 Italiae
1305 1274 1663 1343 dominaeque
1691 1272 1914 1328 Romae.

920 1362 978 1412 te
1005 1356 1242 1411 fontium
1269 1355 1364 1425 qui
1391 1353 1534 1410 celat
1563 1354 1795 1425 origines

923 1437 1194 1508 Nilusque
1223 1441 1279 1492 et
1308 1436 1517 1506 Hister,
1551 1440 1609 1490 te
1636 1434 1859 1505 rapidus
1889 1433 2083 1505 Tigris,

1003 1524 1062 1574 te¹
1085 1517 1341 1573 beluosus
1371 1517 1466 1587 qui
1493 1517 1718 1571 remotis

1081 1599 1347 1669 obstrepit
1377 1598 1625 1654 Oceanus
1653 1597 1953 1667 Britannis,

922 1685 980 1737 te
1007 1698 1115 1748 non
1143 1679 1397 1756 paventis
1426 1679 1619 1734 funera
1648 1677 1860 1745 Galliae

922 1761 1196 1832 duraeque
1225 1760 1390 1816 tellus
1418 1759 1577 1815 audit
1607 1758 1881 1829 Hiberiae,

1005 1847 1059 1898 te
1088 1841 1250 1897 caede
1278 1841 1581 1912 gaudentes
1611 1839 1899 1911 Sygambri

1083 1922 1400 1995 compositis
1428 1926 1759 1977 venerantur
1786 1922 1963 1977 armis,

1428 2067 1542 2123 XV

925 2163 1179 2220 Phoebus
1208 2163 1483 2218 volentem
1514 2161 1716 2233 proelia
1743 2178 1832 2217 me
1858 2159 2010 2232 loqui

924 2245 1101 2301 victas
1128 2249 1186 2300 et
1214 2244 1376 2314 urbes
1406 2242 1838 2316 5³10me

1004 2343 1071 2382 ne
1098 2343 1269 2397 parva
1298 2318 1640 2395 Tyrrhenum
1668 2342 1766 2395 per
1793 2341 1994 2394 aequor

1082 2406 1208 2462 vela
1235 2405 1437 2462 darem.
1525 2411 1637 2475 tua,
1671 2405 1888 2474 Caesar,
1921 2408 2074 2461 aetas

925 2489 1108 2559 fruges
1136 2493 1195 2543 et
1222 2488 1365 2558 agris
1394 2487 1613 2543 rettulit
1625 2481 1847 2555 uberes,

924 2574 982 2625 et
1009 2570 1165 2639 signa
1192 2573 1377 2624 nostro
1406 2568 1651 2624 restituit
1679 2566 1803 2622 Iovi

1006 2650 1231 2721 derepta
1258 2650 1591 2705 Parthorum
1619 2648 1865 2720 superbis

1084 2730 1347 2802 postibus,
1382 2735 1439 2786 et
1466 2748 1702 2785 vacuum
1732 2728 1929 2785 duellis

927 2812 1124 2868 Ianum
1155 2811 1371 2879 Quirini
1401 2811 1599 2866 clausit
1626 2815 1680 2867 et
1710 2810 1954 2866 ordinem

927 2898 1138 2950 rectum
1167 2894 1424 2963 evaganti
1451 2892 1607 2947 frena
1631 2892 1883 2948 licentiae

1007 2974 1195 3030 iniecit
1222 2974 1537 3044 emovitque
1566 2973 1750 3044 culpas

1086 3062 1142 3111 et
1170 3059 1381 3110 veteres
1411 3055 1688 3110 revocavit
1716 3058 1876 3125 artes,

927 3155 1026 3209 per
1052 3154 1188 3209 quas
1216 3136 1479 3191 Latinum
1509 3153 1703 3190 nornen
1732 3140 1789 3190 et
1817 3133 1997 3190 Italae

928 3236 1140 3274 crevere
1168 3217 1310 3273 vires
1338 3216 1594 3287 famaque
1623 3221 1677 3271 et
1704 3216 1896 3287 imperi
1919 3276 1922 3279 ⁴

1008 3304 1255 3372 porrecta
1282 3299 1544 3353 maiestas
1572 3297 1642 3352 ad
1669 3302 1822 3353 ortus

1086 3381 1217 3436 solis
1244 3380 1314 3435 ab
1346 3379 1614 3450 Hesperio
1641 3378 1824 3433 cubili.

928 3463 1150 3519 custode
1179 3479 1358 3517 rerum
1389 3458 1619 3515 Caesare
1645 3477 1755 3514 non
1783 3459 1932 3513 furor

930 3544 1104 3599 civilis
1134 3548 1233 3598 aut
1258 3543 1344 3597 vis
1374 3542 1557 3611 exiget
1588 3541 1778 3609 otium,

1008 3643 1115 3680 non
1144 3626 1240 3693 ira,
1274 3640 1413 3694 quae
1442 3621 1691 3692 procudit
1722 3638 1875 3677 enses

1087 3711 1144 3762 et
1174 3707 1395 3760 miseras
1423 3703 1667 3758 inimicat
1697 3701 1874 3760 urbes,

2459 554 2515 600 35

2460 970 2520 1012 40

2463 1373 2521 1419 45

2466 1779 2523 1823 50

2472 2915 2527 2945 10

2472 3725 2530 3754 20
