2792 4334
435 306 527 359 170

1156 313 1210 372 Q,
1254 313 1515 365 HORATI
1553 314 1789 365 FLACCI

672 443 905 502 oderunt
933 445 1163 503 hilarem
1191 448 1378 504 tristes
1407 450 1729 522 tristemque
1756 450 1934 522 iocosi,

671 526 925 584 sedatum
954 528 1167 600 celeres„
1198 529 1398 601 agilem
1426 549 1736 605 navumque
1763 533 1991 602 remissi,
2455 558 2515 600 90

670 613 888 679 potores
914 609 1092 666 bibuli
1119 611 1301 667 media
1328 610 1397 667 de
1425 617 1584 669 nocte
1614 613 1830 670 Falerni

670 689 904 748 oderunt
931 696 1180 763 porrecta
1206 697 1496 763 negantem
1525 694 1732 766 pocula,
1764 696 2016 768 quamvis

669 776 964 828 nocturnos
991 773 1135 828 iures
1165 778 1221 830 te
1245 774 1538 832 formidare
1567 781 1793 849 tepores.

669 851 827 910 deme
853 853 1140 925 supercilio
1169 854 1369 911 nubem
1394 878 1405 913 :
1446 856 1764 930 plerumque
1790 859 2070 916 modestus

670 940 898 1007 occupat
925 935 1142 991 obscuri
1170 938 1418 1008 speciem,
1451 939 1758 996 taciturnus
1785 941 1979 998 acerbi.
2454 963 2511 1008 95

668 1016 817 1072 inter
841 1020 1038 1072 cuncta
1062 1015 1212 1089 leges
1239 1023 1294 1075 et
1323 1020 1710 1090 percontabere
1737 1022 1939 1094 doctOS‚

669 1114 782 1168 qua
806 1097 1017 1153 ratione
1044 1116 1213 1170 queas
1240 1100 1523 1157 traducere
1550 1101 1749 1158 leniter
1774 1121 1987 1174 aevum,

666 1181 803 1234 num
830 1183 886 1235 te
912 1196 1125 1251 semper
1154 1181 1307 1253 inops
1337 1182 1514 1254 agitet
1542 1187 1811 1255 vexetque
1840 1184 2050 1256 cupid0,

668 1277 803 1315 num
828 1278 998 1332 pavor
1024 1265 1079 1317 et
1106 1280 1286 1318 rerum
1315 1263 1665 1321 mediocriter
1690 1265 1912 1320 utilium
1939 1284 2076 1338 speS‚

667 1341 932 1397 virtutem
961 1341 1211 1399 doctrina
1234 1350 1393 1416 paret
1420 1350 1687 1402 naturane
1715 1346 1898 1417 donet,
2429 1371 2513 1401 100

666 1422 804 1493 quid
830 1423 1043 1480 minuat
1070 1442 1241 1496 curas,
1274 1426 1410 1498 quid
1439 1431 1493 1482 te
1523 1427 1631 1483 tibi
1657 1427 1853 1484 reddat
1880 1430 2130 1499 amicum,

666 1503 802 1574 quid
826 1522 960 1576 pure
989 1506 1323 1578 tranquillet,
1358 1506 1530 1563 honos
1559 1527 1631 1564 an
1659 1508 1818 1565 dulce
1843 1508 2117 1581 lucellum,

665 1602 738 1640 an
766 1589 1035 1642 secretum
1062 1587 1171 1643 iter
1198 1592 1252 1643 et
1279 1588 1527 1644 fallentis
1557 1590 1753 1646 semita
1780 1590 1943 1647 vitae.

665 1683 753 1721 me
782 1667 1034 1738 quotiens
1060 1668 1238 1725 reficit
1262 1669 1478 1740 gelidus
1504 1670 1770 1741 Digentia
1797 1672 1963 1743 rivus,

664 1764 827 1818 quem
856 1748 1115 1805 Mandela
1143 1750 1299 1821 bibit,
1334 1768 1565 1822 rugosus
1592 1751 1790 1823 frigore
1816 1770 2005 1825 pagus,
2428 1774 2509 1818 105

665 1828 800 1898 quid
825 1829 1028 1885 sentire
1053 1831 1256 1902 putas?
1294 1832 1433 1903 quid
1461 1832 1651 1903 credis,
1683 1834 1870 1905 amice,
1903 1834 2150 1907 precari?

576 1943 579 1945 >
615 1910 632 1939 ‘
656 1910 734 1965 sit
762 1909 899 1966 mihi
925 1911 1070 1983 quod
1097 1930 1244 1968 nunc
1272 1917 1374 1983 est,
1406 1914 1575 1970 etiam
1604 1915 1800 1986 minus,
1834 1920 1899 1971 ut
1925 1915 2063 1971 mihi
2088 1916 2277 1971 vivam

664 1991 812 2062 quod
839 1997 1085 2063 superest
1111 1994 1249 2065 aevi,
1282 1995 1330 2050 si
1358 1995 1492 2066 quid
1521 2013 1801 2068 superesse
1828 1995 2024 2053 volunt
2052 1996 2108 2052 di
2131 2018 2148 2069 3

662 2071 738 2127 sit
766 2071 906 2128 bona
933 2072 1199 2130 librorum
1228 2080 1283 2130 et
1310 2076 1563 2147 provisae
1591 2077 1763 2149 frugis
1789 2078 1849 2133 in
1876 2095 2081 2133 annum

661 2153 831 2225 copia,
862 2171 971 2210 neu
997 2154 1212 2212 fluitem
1240 2156 1441 2213 dubiae
1467 2174 1563 2229 spe
1591 2157 1860 2229 pendulus
1887 2158 2066 2216 horae.
2425 2184 2509 2213 110

660 2233 759 2289 sed
786 2235 921 2290 satis
949 2240 1034 2292 est
1061 2254 1215 2293 orare
1243 2236 1451 2309 Iovem,
1484 2256 1626 2310 quae
1653 2240 1810 2311 ponit
1839 2244 1897 2295 et
1923 2239 2105 2296 aufert
2130 2262 2140 2296 ε

660 2315 756 2371 det
784 2316 974 2388 vitam,
1006 2316 1098 2374 det
1128 2336 1256 2391 opes
1274 2339 1292 2391 3
1334 2337 1572 2391 aequum
1601 2320 1679 2375 mi
1705 2321 1949 2378 animum
1978 2321 2093 2393 ipse
2121 2320 2363 2393 parabo)

1378 2463 1526 2520 XIX

660 2554 850 2611 Prisco
875 2556 924 2612 si
952 2557 1140 2627 crediS,
1176 2557 1467 2615 Maecenas
1495 2559 1671 2629 docte,
1706 2559 1948 2630 Gratim,

658 2635 814 2692 nulla
839 2636 1049 2709 placere
1076 2639 1176 2694 diu
1204 2658 1301 2696 nec
1329 2640 1518 2697 vivere
1548 2642 1789 2697 carmina
1817 2646 2047 2714 possunt

657 2735 798 2788 quae
825 2717 1137 2774 scribuntur
1166 2738 1338 2792 aquae
1366 2722 1666 2793 potoribus.
1751 2728 1817 2779 ut
1845 2723 1987 2780 male
2013 2741 2173 2779 sanos

656 2797 947 2870 adscripsit
976 2799 1142 2857 Liber
1175 2800 1386 2874 Satyris
1420 2801 1731 2875 Faunisque
1759 2809 1963 2876 poetaS‚

655 2880 788 2935 vina
813 2879 922 2936 fere
951 2879 1133 2937 dulces
1166 2881 1422 2939 oluerunt
1449 2901 1611 2940 mane
1640 2884 1924 2943 Camenae.
2481 2910 2506 2954 5

655 2959 913 3017 laudibus
941 2963 1193 3033 arguitur
1220 2963 1336 3020 vini
1365 2965 1593 3020 vinosus
1624 2965 1897 3022 Homerus
1917 2987 1933 3037 3

656 3040 869 3098 Ennius
895 3042 1012 3114 ipse
1039 3048 1198 3115 pater
1225 3063 1526 3116 numquam
1557 3046 1664 3101 nisi
1690 3051 1854 3119 potus
1883 3047 1952 3103 ad
1980 3065 2131 3104 arma

654 3124 907 3194 prosiluit
935 3124 1180 3182 dicenda.
1271 3125 1490 3182 ‘forum
1517 3127 1816 3199 putealque
1844 3128 2070 3184 Libonis

654 3204 924 3260 mandabo
952 3206 1119 3277 siccis,
1155 3207 1396 3262 adimam
1424 3212 1647 3264 cantare
1674 3209 1909 3265 severis,²

654 3283 757 3341 hoc
783 3285 947 3342 simul
976 3288 1138 3359 edixi,
1174 3306 1280 3344 non
1311 3305 1592 3345 cessavere
1617 3293 1812 3360 poetae
2449 3317 2504 3347 10

653 3371 920 3423 nocturno
948 3374 1156 3426 certare
1184 3388 1346 3439 merc,
1378 3373 1573 3441 putere
1603 3370 1815 3428 diurno.

653 3447 824 3518 quidl
862 3450 908 3504 si
936 3451 1060 3521 quis
1088 3451 1252 3507 vultu
1279 3455 1440 3507 torvo
1468 3450 1616 3506 ferus
1645 3455 1701 3507 et
1729 3451 1867 3523 pede
1896 3452 2043 3508 nudo

652 3529 986 3601 exiguaeque
1015 3537 1175 3605 togae
1204 3531 1426 3588 simulet
1455 3536 1671 3588 textore
1703 3531 1986 3604 Catonem,

651 3610 989 3668 virtutemne
1019 3617 1390 3685 repraesentet
1420 3630 1703 3685 moresque
1735 3612 1999 3671 Catonis?

652 3690 807 3761 rupit
833 3690 1101 3750 Iarbitam
1131 3694 1447 3766 Timagenis
1474 3694 1691 3750 aemula
1717 3695 1923 3769 lingua,
2447 3720 2501 3767 15

655 3771 790 3828 dum
817 3773 1008 3830 studet
1035 3776 1278 3832 urbanus
1305 3775 1599 3847 tenditque
1628 3776 1865 3835 disertus
1892 3779 2093 3836 haberi.
