2792 4334
363 3393 619 3546 2535

1020 302 1402 355 CARMINUM
1438 304 1573 354 LIB.'
1608 302 1632 351 I

679 440 801 493 arte
829 441 1082 493 materna
1110 439 1329 509 rapidos
1357 443 1666 495 morantem

681 517 978 654 fiumiiqum
1003 518 1194 612 lapsus
1222 520 1532 615 celeresque
1563 524 1773 610 ventos,

679 583 1750 737 Qhfflffiffls

726 676 1202 817 ‘GT-aff-uc
900 697 959 772 110
1019 695 1091 773 ¹¹5³
1220 727 1234 739 ·
1325 764 1385 776 ..
1647 763 1658 773 .

681 779 778 833 qul
844 779 999 832 prius
1066 780 1208 818 leam
1237 763 1420 819 solitis
1446 768 1691 837 parentls

682 842 957 913 laudibus,
990 844 1086 915 qui
1114 862 1199 900 res
1230 844 1519 901 hominum
1548 863 1610 900 ac
1638 843 1880 914 deorum,

682 924 780 995 qui
805 941 956 994 maxe
984 929 1045 981 et
1073 928 1248 982 terras
1278 927 1557 998 variisque
1585 924 1857 980 mundum

765 1010 1040 1077 temperat
1108 1006 1257 1063 oris?

682 1085 830 1142 unde
856 1085 937 1142 nil
966 1087 1145 1148 maius
1171 1091 1471 1158 generatur
1498 1089 1631 1159 ipse,

683 1184 784 1223 nec
810 1167 963 1239 viget
990 1169 1286 1239 quicquam
1315 1169 1500 1225 simile
1525 1172 1626 1224 aut
1654 1167 1955 1224 secundum
1978 1189 1991 1226 :

685 1247 963 1319 proximos
993 1248 1076 1304 illi
1104 1253 1292 1306 tamen
1323 1251 1615 1321 occupavit

767 1328 954 1385 Pallas
982 1329 1228 1388 honores,

683 1409 905 1483 proeliis
932 1410 1116 1467 audax
1142 1429 1318 1483 neque
1347 1418 1407 1468 te
1434 1411 1606 1468 silebo

686 1491 869 1562 Q,
902 1496 961 1548 et
988 1493 1169 1549 saevis
1197 1492 1425 1549 inimica
1450 1493 1607 1565 firgo

686 1571 880 1643 beluis,
915 1591 1015 1629 nec
1043 1577 1116 1643 te,
1151 1574 1446 1630 metuende
1474 1578 1624 1630 certa

769 1653 991 1710 Phoebe
1017 1655 1238 1725 sagitta.

686 1734 867 1791 dicam
897 1739 955 1791 et
982 1735 1220 1791 Alciden
1249 1753 1554 1807 puerosque
1581 1734 1780 1805 Ledae,

687 1815 835 1872 hunc
861 1815 1034 1888 equis,
1067 1816 1131 1871 ill
1171 1835 1227 1872 m
1256 1835 1321 1872 su
1394 1835 1515 1873 rare
1580 1816 1740 1888 ugnis

688 1896 968 1967 nobilem;
1010 1915 1120 1969 quo
1189 1916 1244 1952 m
1275 1897 1318 1953 s‘
1382 1898 1443 1953 ul
1470 1897 1526 1954 al
1564 1916 1596 1953 a
1624 1897 1811 1953 nautis

769 1959 933 2034 stella
959 1977 1193 2048 refulsit,

689 2057 886 2115 defluit
912 2060 1063 2115 saxis
1089 2060 1338 2131 agitatus
1364 2077 1539 2131 umor,

690 2140 988 2197 concidunt
1015 2141 1174 2197 venti
1202 2140 1535 2213 fugiuntque
1563 2140 1737 2197 nubes

690 2225 752 2278 et
775 2239 892 2358 Q?
892 2239 980 2299 ἓξ
1015 2221 1164 2296 quod
1192 2221 1272 2278 sic
1299 2221 1536 2295 voluere,
1568 2226 1738 2299 ponto

770 2320 844 2372 un
888 2320 922 2358 a
948 2302 1237 2359 recumbit.
1377 2384 1388 2395 ·
1669 2384 1681 2396 .

692 2382 875 2440 Romu
897 2400 996 2440 um
1023 2387 1152 2456 post
1179 2383 1278 2439 hos
1305 2401 1461 2456 prius
1490 2401 1561 2440 an
1588 2389 1843 2455 quietum

693 2463 933 2536 Pompili
961 2482 1191 2536 regnum
1221 2482 1521 2521 memorem
1550 2482 1622 2520 an
1649 2465 1913 2537 superbos

692 2544 961 2617 Tarquini
988 2546 1180 2616 fasces,
1212 2545 1426 2616 dubito,
1458 2563 1529 2602 an
1560 2545 1790 2602 Catonis

773 2622 958 2683 nobile
984 2626 1178 2684 letum.

693 2707 970 2779 Regulum
998 2712 1057 2765 et
1086 2707 1320 2765 Scauros
1347 2708 1674 2779 animaeque
1701 2726 1935 2780 magnae

693 2788 986 2861 prodigum
1014 2787 1253 2845 Paulum
1281 2793 1579 2861 superante
1608 2788 1793 2846 Poeno

692 2873 887 2942 gratus
908 2869 1118 2963 Qi
1143 2869 1379 2926 referam
1410 2869 1654 2945 Camena

774 2950 1213 3022 Fabriciumque.

694 3031 843 3088 hunc
868 3036 929 3088 et
954 3032 1136 3088 incom
1174 3032 1250 3088 tis
1279 3031 1512 3088 Curium
1539 3032 1755 3104 capillis

765 3113 776 3125 ’
1179 3114 1230 3169 it
1255 3118 1315 3168 et
1391 3111 1644 3169 amillum

1439 3198 1645 3266 mamo

781 3332 795 3341 Γ
817 3297 891 3413 {t
1159 3319 1319 3412 veult
1346 3355 1511 3412 arbor
1536 3373 1695 3434 Q

693 3437 843 3495 fama
869 3435 1163 3510 Marcelli3
1204 3439 1376 3493 micat
1402 3437 1552 3493 inter
1579 3454 1766 3494 omnes

695 3517 905 3577 Iulium
931 3517 1086 3576 sidus
1112 3518 1269 3575 velut
1296 3519 1446 3574 inter
1472 3518 1628 3590 ignes

773 3587 910 3657 luna
934 3600 1188 3657 minores.

693 3683 876 3754 gentis
902 3681 1180 3738 humanae
1206 3685 1366 3753 pater
1391 3685 1562 3752 atque
1590 3686 1788 3753 custos,

696 3768 817 3821 orte
843 3762 1104 4022 ὃῖιιηιο,
1136 3762 1243 3819 tibi
1270 3779 1404 3819 cura
1429 3763 1617 3835 magni
1665 3788 1668 3789 ⁷

881 4032 1133 4159 We!

2316 547 2372 578 10

2318 950 2373 995 15

2320 2164 2382 2208 30

2323 2561 2412 2612 35'

2321 2973 2383 3015 40

2321 3376 2381 3422 45

2325 3784 2385 3828 50
