2792 4334
953 303 1445 355 EPISTULARUM
1482 304 1610 356 LIB.
1655 303 1693 353 Ι.
1737 306 1799 354 10
2302 311 2395 359 159

529 456 691 514 ⁴quac
715 457 815 497 vos
842 439 915 496 ad
941 441 1152 497 caelum
1180 441 1389 498 effertis
1417 458 1633 498 rumore
1660 440 1911 510 secund0,

539 525 721 592 utque
747 521 1046 578 sacerdotis
1072 522 1361 595 fugitivus,
1395 523 1512 580 liba
1537 540 1739 593 recus0‚
2342 549 2397 580 10

538 619 688 675 pane
716 620 848 675 egeo
874 603 986 659 iam
1014 603 1246 659 mellitis
1274 605 1487 676 potiore
1516 604 1796 677 placentis.

538 685 733 740 vivere
761 688 991 740 naturae
1020 685 1071 739 si
1098 687 1490 742 convenienter
1518 690 1748 759 oportet,

538 763 935 838 ponendaeque
963 764 1130 821 domo
1157 767 1474 838 quaerenda
1501 772 1586 824 est
1614 785 1740 823 area
1766 766 2023 839 primum,

539 845 823 902 novistine
848 845 1031 902 locum
1059 847 1330 919 potiorem
1358 866 1486 905 rure
1512 849 1718 906 beato?

538 930 632 983 est
658 927 757 983 ubi
782 926 910 998 plus
934 933 1165 999 tepeant
1193 927 1443 986 hiemes?
1523 929 1621 986 ubi
1646 930 1855 1001 gratior
1880 946 2017 985 aura
2342 953 2397 999 15

537 1007 719 1065 leniat
745 1012 805 1064 et
831 1008 1042 1065 rabiem
1072 1008 1242 1065 Oanis
1270 1013 1328 1066 et
1356 1016 1641 1067 momenta
1669 1010 1881 1081 LeoniS‚

538 1107 671 1145 cum
699 1087 868 1145 semel
894 1091 1107 1162 accepit
1133 1090 1306 1147 solem
1335 1091 1670 1148 furibundus
1696 1091 1959 1147 acutum?

538 1174 630 1226 est
656 1169 756 1227 ubi
782 1170 1015 1227 divellat
1044 1189 1263 1227 somnos
1291 1173 1478 1228 minus
1505 1172 1696 1228 invida
1721 1172 1887 1228 cura?

537 1250 788 1308 deterius
816 1251 1042 1324 Libycis
1071 1251 1183 1309 olet
1211 1258 1312 1309 aut
1341 1254 1489 1309 nitet
1515 1253 1689 1310 herba
1711 1253 1955 1325 lapillis‘l

537 1332 732 1404 purior
759 1333 818 1388 in
844 1333 981 1389 vicis
1009 1351 1154 1405 aqua
1180 1334 1369 1390 tendit
1396 1352 1651 1407 rumpere
1678 1335 1983 1406 plumbum,
2337 1357 2397 1389 20

537 1430 714 1485 quam
741 1432 882 1486 quae
908 1432 1007 1486 per
1032 1433 1270 1487 pronum
1299 1415 1545 1486 trepidat
1572 1434 1699 1472 cum
1726 1432 2006 1472 murmure
2037 1414 2256 1471 rivum?

536 1512 740 1567 nempe
767 1496 915 1552 inter
940 1497 1121 1553 varias
1149 1497 1398 1553 nutritur
1426 1496 1569 1553 silva
1598 1497 1892 1566 columnae,

536 1574 912 1649 laudaturque
938 1577 1150 1648 domuS,
1181 1577 1375 1648 longos
1404 1595 1546 1650 quae
1572 1579 1836 1650 prospicit
1863 1594 2038 1649 agros.

536 1660 802 1714 naturam
830 1657 1072 1730 expelles
1098 1658 1269 1729 furca,
1303 1663 1495 1715 tamen
1521 1677 1695 1731 usque
1721 1662 1963 1715 recurret

537 1743 598 1794 et
629 1738 778 1795 mala
803 1744 1122 1812 perrumpet
1148 1739 1348 1795 furtim
1376 1739 1606 1796 fastidia
1633 1740 1849 1796 victrix.
2339 1763 2398 1809 25

536 1837 652 1875 non
681 1819 778 1892 qui
807 1819 1034 1877 Sidonio
1064 1820 1392 1878 contendere
1423 1821 1657 1878 callidus
1685 1825 1833 1877 ostro

536 1901 720 1957 nescit
745 1900 1086 1973 Aquinatem
1112 1903 1367 1974 potantia
1393 1902 1600 1959 vellera
1626 1903 1829 1974 fucum,

536 1983 746 2039 certius
774 1983 1008 2055 accipiet
1038 1983 1305 2039 damnum
1334 1984 1628 2056 propiusve
1655 1983 1927 2054 medullis,

537 2081 710 2135 quam
737 2064 837 2135 qui
862 2081 972 2120 non
999 2065 1206 2136 poterit
1235 2082 1365 2120 vero
1394 2065 1732 2137 distinguere
1760 2065 1979 2122 falsum.

536 2161 708 2216 quem
733 2162 822 2200 res
848 2144 975 2217 plus
1002 2145 1173 2200 nimio
1202 2144 1546 2202 delectavere
1574 2146 1861 2217 secundae,
2337 2168 2398 2212 30

535 2229 791 2281 mutatae
820 2227 1091 2298 quatient.
1177 2227 1227 2282 si
1248 2227 1383 2298 quid
1409 2227 1694 2298 mirabere,
1725 2246 1893 2299 pones

534 2306 769 2364 invitus.
855 2306 986 2380 fuge
1014 2325 1215 2379 magna
1238 2329 1250 2365 :
1294 2307 1425 2365 licet
1453 2309 1557 2365 sub
1584 2327 1821 2382 paupere
1848 2313 1998 2366 tecto

535 2405 696 2459 reges
721 2391 781 2444 et
808 2405 1002 2460 regum
1028 2389 1149 2444 vita
1177 2406 1526 2460 praecurrere
1553 2391 1773 2446 amicos.

537 2486 736 2525 cervus
763 2486 968 2540 equum
997 2486 1185 2541 pugna
1213 2470 1409 2526 melior
1436 2471 1819 2527 communibus
1846 2471 2035 2528 herbis

535 2549 798 2621 pellebat,
831 2550 1004 2606 (101100
1032 2551 1211 2605 11111101·
1237 2551 1296 2606 in
1327 2553 1625 2608 certamine
1652 2552 1813 2624 longo
1857 2576 1861 2580 ·
2337 2573 2396 2620 35

533 2630 841 2702 inploravit
868 2649 999 2703 opes
1026 2631 1268 2687 hominis
1296 2632 1624 2705 frenumque
1650 2635 1856 2706 recepit
1875 2654 1892 2705 3

534 2711 638 2768 sed
657 2716 953 2785 postquam
981 2713 1161 2769 victor
1188 2712 1404 2769 violens
1432 2714 1686 2771 discessit
1713 2715 1785 2771 ab
1812 2715 1988 2785 hoste,

535 2811 651 2849 non
678 2794 922 2865 equitem
951 2793 1128 2865 dorSO,
1162 2811 1274 2850 non
1303 2794 1521 2851 frenum
1548 2795 1763 2868 depulit
1792 2813 1898 2853 ore.

534 2874 618 2931 sic
646 2875 743 2946 qui
769 2875 1088 2947 pauperiem
1116 2875 1330 2932 veritus
1358 2877 1570 2947 potiore
1598 2876 1840 2933 metallis

535 2954 802 3012 libertate
829 2960 994 3028 caret,
1029 2956 1316 3012 dominum
1343 2958 1511 3014 vehet
1537 2957 1802 3030 inprobus
1830 2962 1999 3029 atque
2334 2981 2396 3024 40

534 3037 746 3093 serviet
771 3041 1074 3109 aeternum,
1107 3038 1241 3109 quia
1266 3055 1437 3110 parvo
1465 3039 1671 3095 nesciet
1697 3039 1799 3095 uti.

534 3118 629 3174 cui
654 3136 767 3174 non
794 3119 1086 3176 conveniet
1113 3137 1216 3175 sua
1243 3137 1343 3191 ree,
1376 3127 1442 3177 ut
1471 3119 1682 3177 calceus
1711 3119 1860 3190 olim,

533 3199 584 3254 si
612 3199 752 3271 pede
779 3200 954 3256 maior
981 3201 1103 3271 erit,
1136 3200 1439 3272 subvertet,
1473 3203 1518 3258 si
1545 3203 1739 3268 minor,
1770 3204 1910 3258 uret.

534 3280 721 3336 laetus
747 3286 895 3337 sorte
920 3286 1024 3338 tua
1051 3281 1206 3337 vives
1235 3282 1526 3354 sapienter,
1558 3283 1755 3353 Aristi,

535 3378 641 3418 nec
667 3378 756 3418 me
784 3361 1039 3419 dimittes
1064 3363 1477 3437 incastigatum,
1509 3365 1609 3421 ubi
1636 3363 1796 3435 plura
2334 3383 2394 3430 45

533 3459 729 3514 cogere
755 3460 924 3515 quam
952 3444 1092 3500 satis
1119 3447 1206 3500 est
1235 3462 1299 3500 ac
1325 3463 1435 3501 non
1466 3462 1676 3503 cessare
1701 3443 1944 3500 videbor.

534 3523 778 3596 imperat
805 3529 904 3581 aut
932 3526 1108 3582 servit
1135 3524 1366 3582 collecta
1392 3528 1628 3599 pecunia
1654 3526 1865 3597 cuique,

535 3609 751 3661 tortum
774 3605 942 3678 digna
969 3607 1126 3679 sequi
1154 3607 1342 3678 potius
1370 3627 1538 3680 quam
1567 3608 1765 3664 ducere
1793 3605 1997 3662 funem.

534 3685 675 3743 haec
701 3686 811 3743 tibi
838 3687 1118 3744 dictabam
1146 3692 1275 3759 post
1302 3689 1496 3745 fanum
1525 3693 1689 3761 putre
1716 3686 1993 3757 Vacunae,

537 3772 771 3840 excepto
798 3768 947 3840 quod
975 3787 1087 3825 non
1113 3769 1282 3825 simul
1311 3788 1471 3843 esses,
1505 3776 1689 3827 cetera
1714 3768 1908 3825 laetus.
2331 3789 2391 3837 50
