<?xml version="1.0" encoding="UTF-8"?>
<!DOCTYPE html PUBLIC "-//W3C//DTD XHTML 1.0 Transitional//EN"
    "http://www.w3.org/TR/xhtml1/DTD/xhtml1-transitional.dtd">
<html xmlns="http://www.w3.org/1999/xhtml" xml:lang="en" lang="en">
 <head>
  <title>
</title>
<meta http-equiv="Content-Type" content="text/html;charset=utf-8" />
  <meta name='ocr-system' content='tesseract 3.04.00' />
  <meta name='ocr-capabilities' content='ocr_page ocr_carea ocr_par ocr_line ocrx_word'/>
</head>
<body>
  <div class='ocr_page' id='page_1' title='image "./opera00pagegoog_0066.png"; bbox 0 0 2792 4334; ppageno 0'>
   <div class='ocr_carea' id='block_1_1' title="bbox 457 334 520 383">
    <p class='ocr_par' dir='ltr' id='par_1_1' title="bbox 457 334 520 383">
     <span class='ocr_line' id='line_1_1' title="bbox 457 334 520 383; baseline 0 0"><span class='ocrx_word' id='word_1_1' title='bbox 457 334 520 383; x_wconf 85' lang='lat'>38</span> 
     </span>
    </p>
   </div>
   <div class='ocr_carea' id='block_1_2' title="bbox 1183 316 1818 382">
    <p class='ocr_par' dir='ltr' id='par_1_2' title="bbox 1183 316 1818 382">
     <span class='ocr_line' id='line_1_2' title="bbox 1183 316 1818 382; baseline -0.006 -11"><span class='ocrx_word' id='word_1_2' title='bbox 1183 321 1239 382; x_wconf 85' lang='lat' dir='ltr'>Q.</span> <span class='ocrx_word' id='word_1_3' title='bbox 1279 319 1541 370; x_wconf 83' lang='lat' dir='ltr'><strong>HORATI</strong></span> <span class='ocrx_word' id='word_1_4' title='bbox 1579 316 1818 368; x_wconf 85' lang='lat' dir='ltr'>FLACCI</span> 
     </span>
    </p>
   </div>
   <div class='ocr_carea' id='block_1_3' title="bbox 857 456 2208 2077">
    <p class='ocr_par' dir='ltr' id='par_1_3' title="bbox 857 456 1409 524">
     <span class='ocr_line' id='line_1_3' title="bbox 857 456 1409 524; baseline -0.018 -5"><span class='ocrx_word' id='word_1_5' title='bbox 857 475 1200 520; x_wconf 90' lang='lat' dir='ltr'>summovere</span> <span class='ocrx_word' id='word_1_6' title='bbox 1228 456 1409 524; x_wconf 84' lang='lat' dir='ltr'>litora,</span> 
     </span>
    </p>

    <p class='ocr_par' dir='ltr' id='par_1_4' title="bbox 858 535 1907 699">
     <span class='ocr_line' id='line_1_4' title="bbox 939 535 1907 616; baseline -0.008 -18"><span class='ocrx_word' id='word_1_7' title='bbox 939 559 1134 616; x_wconf 90' lang='lat' dir='ltr'>parum</span> <span class='ocrx_word' id='word_1_8' title='bbox 1162 537 1406 610; x_wconf 80' lang='lat' dir='ltr'>locuples</span> <span class='ocrx_word' id='word_1_9' title='bbox 1434 536 1748 592; x_wconf 75' lang='lat' dir='ltr'>continente</span> <span class='ocrx_word' id='word_1_10' title='bbox 1776 535 1907 606; x_wconf 90' lang='lat' dir='ltr'>ripa.</span> 
     </span>
     <span class='ocr_line' id='line_1_5' title="bbox 858 618 1668 699; baseline -0.011 -17"><span class='ocrx_word' id='word_1_11' title='bbox 858 624 994 699; x_wconf 89' lang='lat' dir='ltr'>quid</span> <span class='ocrx_word' id='word_1_12' title='bbox 1022 622 1169 695; x_wconf 90' lang='lat' dir='ltr'>quod</span> <span class='ocrx_word' id='word_1_13' title='bbox 1197 637 1371 691; x_wconf 87' lang='lat' dir='ltr'>usque</span> <span class='ocrx_word' id='word_1_14' title='bbox 1392 618 1668 689; x_wconf 84' lang='lat' dir='ltr'>proximos</span> 
     </span>
    </p>

    <p class='ocr_par' dir='ltr' id='par_1_5' title="bbox 860 697 1861 845">
     <span class='ocr_line' id='line_1_6' title="bbox 940 697 1861 772; baseline -0.011 -10"><span class='ocrx_word' id='word_1_15' title='bbox 940 704 1160 762; x_wconf 80' lang='lat' dir='ltr'>revellis</span> <span class='ocrx_word' id='word_1_16' title='bbox 1189 702 1306 772; x_wconf 82' lang='lat' dir='ltr'>agri</span> <span class='ocrx_word' id='word_1_17' title='bbox 1334 700 1598 756; x_wconf 90' lang='lat' dir='ltr'>terminos</span> <span class='ocrx_word' id='word_1_18' title='bbox 1627 704 1683 754; x_wconf 88' lang='lat' dir='ltr'>et</span> <span class='ocrx_word' id='word_1_19' title='bbox 1711 697 1861 753; x_wconf 88' lang='lat' dir='ltr'>ultra</span> 
     </span>
     <span class='ocr_line' id='line_1_7' title="bbox 860 783 1384 845; baseline -0.017 0"><span class='ocrx_word' id='word_1_20' title='bbox 860 788 1069 845; x_wconf 90' lang='lat' dir='ltr'>limites</span> <span class='ocrx_word' id='word_1_21' title='bbox 1095 783 1384 841; x_wconf 89' lang='lat' dir='ltr'>clientium</span> 
     </span>
    </p>

    <p class='ocr_par' dir='ltr' id='par_1_6' title="bbox 860 861 1930 1007">
     <span class='ocr_line' id='line_1_8' title="bbox 942 861 1930 935; baseline -0.01 -10"><span class='ocrx_word' id='word_1_22' title='bbox 942 868 1073 925; x_wconf 87' lang='lat' dir='ltr'>salis</span> <span class='ocrx_word' id='word_1_23' title='bbox 1100 883 1299 922; x_wconf 87' lang='lat' dir='ltr'>avarus</span> <span class='ocrx_word' id='word_1_24' title='bbox 1321 861 1387 919; x_wconf 74' lang='lat' dir='ltr'>2s</span> <span class='ocrx_word' id='word_1_25' title='bbox 1423 861 1649 935; x_wconf 83' lang='lat' dir='ltr'>pellitur</span> <span class='ocrx_word' id='word_1_26' title='bbox 1675 864 1930 933; x_wconf 85' lang='lat' dir='ltr'>paternos</span> 
     </span>
     <span class='ocr_line' id='line_1_9' title="bbox 860 945 1438 1007; baseline -0.014 0"><span class='ocrx_word' id='word_1_27' title='bbox 860 952 921 1007; x_wconf 93' lang='lat' dir='ltr'>in</span> <span class='ocrx_word' id='word_1_28' title='bbox 948 951 1074 1006; x_wconf 90' lang='lat' dir='ltr'>sinu</span> <span class='ocrx_word' id='word_1_29' title='bbox 1098 948 1278 1004; x_wconf 89' lang='lat' dir='ltr'>ferens</span> <span class='ocrx_word' id='word_1_30' title='bbox 1306 945 1438 1001; x_wconf 89' lang='lat' dir='ltr'>deos</span> 
     </span>
    </p>

    <p class='ocr_par' dir='ltr' id='par_1_7' title="bbox 864 1024 1949 1169">
     <span class='ocr_line' id='line_1_10' title="bbox 943 1024 1949 1096; baseline -0.011 -8"><span class='ocrx_word' id='word_1_31' title='bbox 943 1036 1002 1088; x_wconf 90' lang='lat' dir='ltr'>et</span> <span class='ocrx_word' id='word_1_32' title='bbox 1027 1047 1166 1086; x_wconf 87' lang='lat' dir='ltr'>uxor</span> <span class='ocrx_word' id='word_1_33' title='bbox 1195 1033 1253 1083; x_wconf 92' lang='lat' dir='ltr'>et</span> <span class='ocrx_word' id='word_1_34' title='bbox 1279 1027 1366 1083; x_wconf 91' lang='lat' dir='ltr'>vir</span> <span class='ocrx_word' id='word_1_35' title='bbox 1394 1024 1750 1096; x_wconf 86' lang='lat' dir='ltr'>sordidosque</span> <span class='ocrx_word' id='word_1_36' title='bbox 1777 1026 1949 1078; x_wconf 89' lang='lat' dir='ltr'>natos.</span> 
     </span>
     <span class='ocr_line' id='line_1_11' title="bbox 864 1111 1458 1169; baseline -0.013 1"><span class='ocrx_word' id='word_1_37' title='bbox 864 1112 1018 1169; x_wconf 87' lang='lat' dir='ltr'>nulla</span> <span class='ocrx_word' id='word_1_38' title='bbox 1046 1111 1243 1167; x_wconf 81' lang='lat' dir='ltr'>certior</span> <span class='ocrx_word' id='word_1_39' title='bbox 1269 1113 1458 1164; x_wconf 88' lang='lat' dir='ltr'>tamen</span> 
     </span>
    </p>

    <p class='ocr_par' dir='ltr' id='par_1_8' title="bbox 866 1187 1754 1333">
     <span class='ocr_line' id='line_1_12' title="bbox 946 1187 1754 1265; baseline -0.012 -14"><span class='ocrx_word' id='word_1_40' title='bbox 946 1193 1155 1265; x_wconf 89' lang='lat' dir='ltr'>rapacis</span> <span class='ocrx_word' id='word_1_41' title='bbox 1186 1191 1313 1247; x_wconf 90' lang='lat' dir='ltr'>Orci</span> <span class='ocrx_word' id='word_1_42' title='bbox 1339 1189 1448 1244; x_wconf 92' lang='lat' dir='ltr'>fine</span> <span class='ocrx_word' id='word_1_43' title='bbox 1477 1187 1754 1243; x_wconf 91' lang='lat' dir='ltr'>destinata</span> 
     </span>
     <span class='ocr_line' id='line_1_13' title="bbox 866 1274 1471 1333; baseline -0.015 0"><span class='ocrx_word' id='word_1_44' title='bbox 866 1276 996 1333; x_wconf 88' lang='lat' dir='ltr'>aula</span> <span class='ocrx_word' id='word_1_45' title='bbox 1022 1274 1255 1331; x_wconf 89' lang='lat' dir='ltr'>divitem</span> <span class='ocrx_word' id='word_1_46' title='bbox 1281 1275 1471 1327; x_wconf 91' lang='lat' dir='ltr'>manet</span> 
     </span>
    </p>

    <p class='ocr_par' dir='ltr' id='par_1_9' title="bbox 866 1344 2208 1512">
     <span class='ocr_line' id='line_1_14' title="bbox 948 1344 2208 1426; baseline -0.011 -12"><span class='ocrx_word' id='word_1_47' title='bbox 948 1374 1111 1414; x_wconf 89' lang='lat' dir='ltr'>erum.</span> <span class='ocrx_word' id='word_1_48' title='bbox 1201 1352 1337 1426; x_wconf 87' lang='lat' dir='ltr'>quid</span> <span class='ocrx_word' id='word_1_49' title='bbox 1365 1352 1512 1407; x_wconf 86' lang='lat' dir='ltr'>ultra</span> <span class='ocrx_word' id='word_1_50' title='bbox 1539 1349 1759 1406; x_wconf 61' lang='lat' dir='ltr'>tendis‘l</span> <span class='ocrx_word' id='word_1_51' title='bbox 1840 1365 2015 1419; x_wconf 89' lang='lat' dir='ltr'>aequa</span> <span class='ocrx_word' id='word_1_52' title='bbox 2042 1344 2208 1401; x_wconf 90' lang='lat' dir='ltr'>tellus</span> 
     </span>
     <span class='ocr_line' id='line_1_15' title="bbox 866 1435 1424 1512; baseline -0.016 -16"><span class='ocrx_word' id='word_1_53' title='bbox 866 1437 1093 1512; x_wconf 87' lang='lat' dir='ltr'>pauperi</span> <span class='ocrx_word' id='word_1_54' title='bbox 1120 1435 1424 1491; x_wconf 80' lang='lat' dir='ltr'>recluditur</span> 
     </span>
    </p>

    <p class='ocr_par' dir='ltr' id='par_1_10' title="bbox 868 1509 2009 1666">
     <span class='ocr_line' id='line_1_16' title="bbox 947 1509 2009 1590; baseline -0.01 -15"><span class='ocrx_word' id='word_1_55' title='bbox 947 1534 1244 1590; x_wconf 87' lang='lat' dir='ltr'>regumque</span> <span class='ocrx_word' id='word_1_56' title='bbox 1272 1515 1472 1588; x_wconf 76' lang='lat' dir='ltr'>pueriS‚</span> <span class='ocrx_word' id='word_1_57' title='bbox 1504 1531 1603 1569; x_wconf 90' lang='lat' dir='ltr'>nec</span> <span class='ocrx_word' id='word_1_58' title='bbox 1632 1511 1851 1568; x_wconf 79' lang='lat' dir='ltr'>satelles</span> <span class='ocrx_word' id='word_1_59' title='bbox 1880 1509 2009 1566; x_wconf 90' lang='lat' dir='ltr'>Orci</span> 
     </span>
     <span class='ocr_line' id='line_1_17' title="bbox 868 1596 1672 1666; baseline -0.014 -7"><span class='ocrx_word' id='word_1_60' title='bbox 868 1600 1129 1659; x_wconf 87' lang='lat' dir='ltr'>callidum</span> <span class='ocrx_word' id='word_1_61' title='bbox 1158 1596 1488 1653; x_wconf 88' lang='lat' dir='ltr'>Promethea</span> <span class='ocrx_word' id='word_1_62' title='bbox 1667 1647 1672 1666; x_wconf 36' lang='grc' dir='ltr'><em>ζ</em></span> 
     </span>
    </p>

    <p class='ocr_par' dir='ltr' id='par_1_11' title="bbox 871 1673 2032 1831">
     <span class='ocr_line' id='line_1_18' title="bbox 948 1673 2032 1748; baseline -0.009 -11"><span class='ocrx_word' id='word_1_63' title='bbox 948 1681 1159 1739; x_wconf 86' lang='lat' dir='ltr'>revexit</span> <span class='ocrx_word' id='word_1_64' title='bbox 1187 1696 1319 1735; x_wconf 89' lang='lat' dir='ltr'>auro</span> <span class='ocrx_word' id='word_1_65' title='bbox 1349 1682 1576 1748; x_wconf 88' lang='lat' dir='ltr'>captus:</span> <span class='ocrx_word' id='word_1_66' title='bbox 1620 1675 1709 1730; x_wconf 90' lang='lat' dir='ltr'>hic</span> <span class='ocrx_word' id='word_1_67' title='bbox 1736 1673 2032 1745; x_wconf 90' lang='lat' dir='ltr'>superbum</span> 
     </span>
     <span class='ocr_line' id='line_1_19' title="bbox 871 1741 1618 1831; baseline -0.012 -11"><span class='ocrx_word' id='word_1_68' title='bbox 871 1741 1367 1831; x_wconf 52' lang='lat' dir='ltr'>Tantalunsatque</span> <span class='ocrx_word' id='word_1_69' title='bbox 1396 1756 1618 1813; x_wconf 87' lang='lat' dir='ltr'>Tantali</span> 
     </span>
    </p>

    <p class='ocr_par' dir='ltr' id='par_1_12' title="bbox 869 1837 1990 2000">
     <span class='ocr_line' id='line_1_20' title="bbox 951 1837 1990 1916; baseline -0.011 -16"><span class='ocrx_word' id='word_1_70' title='bbox 951 1862 1122 1916; x_wconf 89' lang='lat' dir='ltr'>genus</span> <span class='ocrx_word' id='word_1_71' title='bbox 1150 1844 1376 1911; x_wconf 84' lang='lat' dir='ltr'>coercet,</span> <span class='ocrx_word' id='word_1_72' title='bbox 1412 1840 1499 1895; x_wconf 89' lang='lat' dir='ltr'>hic</span> <span class='ocrx_word' id='word_1_73' title='bbox 1526 1839 1709 1894; x_wconf 87' lang='lat' dir='ltr'>levare</span> <span class='ocrx_word' id='word_1_74' title='bbox 1736 1837 1990 1891; x_wconf 88' lang='lat' dir='ltr'>functum</span> 
     </span>
     <span class='ocr_line' id='line_1_21' title="bbox 869 1921 1475 2000; baseline -0.012 -17"><span class='ocrx_word' id='word_1_75' title='bbox 869 1942 1167 2000; x_wconf 85' lang='lat' dir='ltr'>pauperem</span> <span class='ocrx_word' id='word_1_76' title='bbox 1193 1921 1475 1979; x_wconf 89' lang='lat' dir='ltr'>laboribus</span> 
     </span>
    </p>

    <p class='ocr_par' dir='ltr' id='par_1_13' title="bbox 958 1998 1967 2077">
     <span class='ocr_line' id='line_1_22' title="bbox 958 1998 1967 2077; baseline -0.011 -13"><span class='ocrx_word' id='word_1_77' title='bbox 958 2014 1182 2064; x_wconf 89' lang='lat' dir='ltr'>vocatus</span> <span class='ocrx_word' id='word_1_78' title='bbox 1209 2009 1375 2077; x_wconf 87' lang='lat' dir='ltr'>atque</span> <span class='ocrx_word' id='word_1_79' title='bbox 1405 2020 1512 2058; x_wconf 94' lang='lat' dir='ltr'>non</span> <span class='ocrx_word' id='word_1_80' title='bbox 1540 2005 1768 2057; x_wconf 87' lang='lat' dir='ltr'>vocatus</span> <span class='ocrx_word' id='word_1_81' title='bbox 1796 1998 1967 2055; x_wconf 90' lang='lat' dir='ltr'>audit.</span> 
     </span>
    </p>
   </div>
   <div class='ocr_carea' id='block_1_4' title="bbox 1324 2203 1584 2295">
    <p class='ocr_par' dir='ltr' id='par_1_14' title="bbox 1324 2203 1584 2295">
     <span class='ocr_line' id='line_1_23' title="bbox 1324 2203 1584 2295; baseline -0.008 1"><span class='ocrx_word' id='word_1_82' title='bbox 1324 2203 1332 2213; x_wconf 45' lang='lat'>⁸</span> <span class='ocrx_word' id='word_1_83' title='bbox 1438 2239 1584 2295; x_wconf 89' lang='lat' dir='ltr'>XIX</span> 
     </span>
    </p>
   </div>
   <div class='ocr_carea' id='block_1_5' title="bbox 866 2370 2060 3831">
    <p class='ocr_par' dir='ltr' id='par_1_15' title="bbox 866 2370 2060 3831">
     <span class='ocr_line' id='line_1_24' title="bbox 874 2370 2021 2442; baseline -0.009 -7"><span class='ocrx_word' id='word_1_84' title='bbox 874 2376 1153 2435; x_wconf 88' lang='lat' dir='ltr'>Bacchum</span> <span class='ocrx_word' id='word_1_85' title='bbox 1182 2376 1241 2430; x_wconf 89' lang='lat' dir='ltr'>in</span> <span class='ocrx_word' id='word_1_86' title='bbox 1267 2374 1492 2430; x_wconf 91' lang='lat' dir='ltr'>remotis</span> <span class='ocrx_word' id='word_1_87' title='bbox 1522 2373 1764 2428; x_wconf 82' lang='lat' dir='ltr'>carmina</span> <span class='ocrx_word' id='word_1_88' title='bbox 1791 2370 2021 2442; x_wconf 89' lang='lat' dir='ltr'>rupibus</span> 
     </span>
     <span class='ocr_line' id='line_1_25' title="bbox 874 2453 1799 2525; baseline -0.011 -9"><span class='ocrx_word' id='word_1_89' title='bbox 874 2459 992 2516; x_wconf 92' lang='lat' dir='ltr'>vidi</span> <span class='ocrx_word' id='word_1_90' title='bbox 1019 2458 1319 2525; x_wconf 86' lang='lat' dir='ltr'>docentem,</span> <span class='ocrx_word' id='word_1_91' title='bbox 1351 2454 1553 2511; x_wconf 87' lang='lat' dir='ltr'>credite</span> <span class='ocrx_word' id='word_1_92' title='bbox 1582 2453 1799 2525; x_wconf 85' lang='lat' dir='ltr'>posteri,</span> 
     </span>
     <span class='ocr_line' id='line_1_26' title="bbox 956 2536 1923 2612; baseline -0.007 -16"><span class='ocrx_word' id='word_1_93' title='bbox 956 2538 1355 2612; x_wconf 81' lang='lat' dir='ltr'>Nymphasque</span> <span class='ocrx_word' id='word_1_94' title='bbox 1383 2536 1654 2592; x_wconf 90' lang='lat' dir='ltr'>discentes</span> <span class='ocrx_word' id='word_1_95' title='bbox 1682 2539 1737 2591; x_wconf 91' lang='lat' dir='ltr'>et</span> <span class='ocrx_word' id='word_1_96' title='bbox 1764 2551 1923 2590; x_wconf 89' lang='lat' dir='ltr'>aures</span> 
     </span>
     <span class='ocr_line' id='line_1_27' title="bbox 1037 2617 1975 2692; baseline -0.003 -16"><span class='ocrx_word' id='word_1_97' title='bbox 1037 2620 1391 2692; x_wconf 89' lang='lat' dir='ltr'>capripedum</span> <span class='ocrx_word' id='word_1_98' title='bbox 1424 2617 1744 2688; x_wconf 82' lang='lat' dir='ltr'>Satyrorum</span> <span class='ocrx_word' id='word_1_99' title='bbox 1770 2620 1975 2673; x_wconf 77' lang='lat' dir='ltr'>acutas,</span> 
     </span>
     <span class='ocr_line' id='line_1_28' title="bbox 874 2698 1979 2770; baseline -0.007 -10"><span class='ocrx_word' id='word_1_100' title='bbox 874 2703 1047 2760; x_wconf 93' lang='lat' dir='ltr'>euhoe</span> <span class='ocrx_word' id='word_1_101' title='bbox 1072 2703 1082 2758; x_wconf 72' lang='grc' dir='ltr'>ἔ</span> <span class='ocrx_word' id='word_1_102' title='bbox 1124 2701 1331 2757; x_wconf 88' lang='lat' dir='ltr'>recenti</span> <span class='ocrx_word' id='word_1_103' title='bbox 1359 2718 1513 2755; x_wconf 89' lang='lat' dir='ltr'>mens</span> <span class='ocrx_word' id='word_1_104' title='bbox 1542 2698 1783 2770; x_wconf 89' lang='lat' dir='ltr'>trepidat</span> <span class='ocrx_word' id='word_1_105' title='bbox 1811 2701 1979 2768; x_wconf 90' lang='lat' dir='ltr'>metu,</span> 
     </span>
     <span class='ocr_line' id='line_1_29' title="bbox 876 2779 1935 2858; baseline -0.007 -17"><span class='ocrx_word' id='word_1_106' title='bbox 876 2785 1145 2858; x_wconf 89' lang='lat' dir='ltr'>plenoque</span> <span class='ocrx_word' id='word_1_107' title='bbox 1175 2781 1379 2837; x_wconf 89' lang='lat' dir='ltr'>Bacchi</span> <span class='ocrx_word' id='word_1_108' title='bbox 1407 2785 1624 2853; x_wconf 88' lang='lat' dir='ltr'>pectore</span> <span class='ocrx_word' id='word_1_109' title='bbox 1652 2779 1935 2836; x_wconf 91' lang='lat' dir='ltr'>turbidum</span> 
     </span>
     <span class='ocr_line' id='line_1_30' title="bbox 958 2860 1896 2933; baseline -0.005 -13"><span class='ocrx_word' id='word_1_110' title='bbox 958 2865 1231 2922; x_wconf 87' lang='lat' dir='ltr'>laetatur:</span> <span class='ocrx_word' id='word_1_111' title='bbox 1275 2863 1448 2919; x_wconf 91' lang='lat' dir='ltr'>euhoe</span> <span class='ocrx_word' id='word_1_112' title='bbox 1476 2864 1486 2918; x_wconf 77' lang='lat'>1</span> <span class='ocrx_word' id='word_1_113' title='bbox 1529 2879 1688 2933; x_wconf 88' lang='lat' dir='ltr'>parce</span> <span class='ocrx_word' id='word_1_114' title='bbox 1715 2860 1896 2932; x_wconf 88' lang='lat' dir='ltr'>Liber,</span> 
     </span>
     <span class='ocr_line' id='line_1_31' title="bbox 1037 2941 1969 3018; baseline -0.005 -16"><span class='ocrx_word' id='word_1_115' title='bbox 1037 2963 1211 3018; x_wconf 88' lang='lat' dir='ltr'>parce,</span> <span class='ocrx_word' id='word_1_116' title='bbox 1243 2944 1401 3016; x_wconf 86' lang='lat' dir='ltr'>gravi</span> <span class='ocrx_word' id='word_1_117' title='bbox 1428 2941 1718 2999; x_wconf 89' lang='lat' dir='ltr'>metuende</span> <span class='ocrx_word' id='word_1_118' title='bbox 1746 2941 1934 3013; x_wconf 89' lang='lat' dir='ltr'>thyrso</span> <span class='ocrx_word' id='word_1_119' title='bbox 1958 2942 1969 2997; x_wconf 76' lang='grc' dir='ltr'><strong>Ξ</strong></span> 
     </span>
     <span class='ocr_line' id='line_1_32' title="bbox 868 3023 1880 3212; baseline -0.008 -126"><span class='ocrx_word' id='word_1_120' title='bbox 868 3029 964 3212; x_wconf 48' lang='grc' dir='ltr'>ἴε</span> <span class='ocrx_word' id='word_1_121' title='bbox 992 3026 1297 3100; x_wconf 86' lang='lat' dir='ltr'>pervicaces</span> <span class='ocrx_word' id='word_1_122' title='bbox 1326 3029 1414 3080; x_wconf 89' lang='lat' dir='ltr'>est</span> <span class='ocrx_word' id='word_1_123' title='bbox 1440 3023 1576 3079; x_wconf 91' lang='lat' dir='ltr'>mihi</span> <span class='ocrx_word' id='word_1_124' title='bbox 1606 3023 1880 3095; x_wconf 83' lang='lat' dir='ltr'>Thyiadas</span> 
     </span>
     <span class='ocr_line' id='line_1_33' title="bbox 878 3104 1831 3181; baseline -0.007 -15"><span class='ocrx_word' id='word_1_125' title='bbox 878 3110 1101 3181; x_wconf 90' lang='lat' dir='ltr'>vinique</span> <span class='ocrx_word' id='word_1_126' title='bbox 1126 3107 1339 3163; x_wconf 87' lang='lat' dir='ltr'>fontem</span> <span class='ocrx_word' id='word_1_127' title='bbox 1366 3105 1527 3161; x_wconf 84' lang='lat' dir='ltr'>lactis</span> <span class='ocrx_word' id='word_1_128' title='bbox 1555 3109 1613 3161; x_wconf 90' lang='lat' dir='ltr'>et</span> <span class='ocrx_word' id='word_1_129' title='bbox 1639 3104 1831 3160; x_wconf 88' lang='lat' dir='ltr'>uberes</span> 
     </span>
     <span class='ocr_line' id='line_1_34' title="bbox 1021 3186 1776 3259; baseline -0.005 -14"><span class='ocrx_word' id='word_1_130' title='bbox 1021 3195 1179 3245; x_wconf 89' lang='lat' dir='ltr'>ntare</span> <span class='ocrx_word' id='word_1_131' title='bbox 1206 3189 1351 3243; x_wconf 89' lang='lat' dir='ltr'>rivos</span> <span class='ocrx_word' id='word_1_132' title='bbox 1374 3192 1539 3259; x_wconf 88' lang='lat' dir='ltr'>atque</span> <span class='ocrx_word' id='word_1_133' title='bbox 1567 3186 1776 3242; x_wconf 87' lang='lat' dir='ltr'>truncis</span> 
     </span>
     <span class='ocr_line' id='line_1_35' title="bbox 1038 3255 1824 3342; baseline -0.006 -15"><span class='ocrx_word' id='word_1_134' title='bbox 1038 3271 1194 3342; x_wconf 86' lang='lat' dir='ltr'>lapsa</span> <span class='ocrx_word' id='word_1_135' title='bbox 1221 3268 1371 3325; x_wconf 83' lang='lat' dir='ltr'>cavis</span> <span class='ocrx_word' id='word_1_136' title='bbox 1398 3269 1596 3337; x_wconf 82' lang='lat' dir='ltr'>iterare</span> <span class='ocrx_word' id='word_1_137' title='bbox 1625 3255 1789 3323; x_wconf 81' lang='lat' dir='ltr'>mella</span> <span class='ocrx_word' id='word_1_138' title='bbox 1808 3287 1824 3339; x_wconf 81' lang='lat'>3</span> 
     </span>
     <span class='ocr_line' id='line_1_36' title="bbox 879 3348 1817 3420; baseline -0.007 -10"><span class='ocrx_word' id='word_1_139' title='bbox 879 3354 965 3410; x_wconf 88' lang='lat' dir='ltr'>fas</span> <span class='ocrx_word' id='word_1_140' title='bbox 993 3358 1049 3409; x_wconf 91' lang='lat' dir='ltr'>et</span> <span class='ocrx_word' id='word_1_141' title='bbox 1070 3353 1264 3408; x_wconf 89' lang='lat' dir='ltr'>beatae</span> <span class='ocrx_word' id='word_1_142' title='bbox 1294 3350 1537 3420; x_wconf 83' lang='lat' dir='ltr'>coniugis</span> <span class='ocrx_word' id='word_1_143' title='bbox 1565 3348 1817 3404; x_wconf 90' lang='lat' dir='ltr'>additum</span> 
     </span>
     <span class='ocr_line' id='line_1_37' title="bbox 879 3428 1885 3501; baseline -0.008 -10"><span class='ocrx_word' id='word_1_144' title='bbox 879 3434 1055 3491; x_wconf 89' lang='lat' dir='ltr'>stellis</span> <span class='ocrx_word' id='word_1_145' title='bbox 1077 3433 1338 3489; x_wconf 88' lang='lat' dir='ltr'>honorem</span> <span class='ocrx_word' id='word_1_146' title='bbox 1367 3435 1622 3501; x_wconf 87' lang='lat' dir='ltr'>tectaque</span> <span class='ocrx_word' id='word_1_147' title='bbox 1652 3428 1885 3485; x_wconf 91' lang='lat' dir='ltr'>Penthei</span> 
     </span>
     <span class='ocr_line' id='line_1_38' title="bbox 962 3511 1655 3571; baseline -0.009 0"><span class='ocrx_word' id='word_1_148' title='bbox 962 3516 1192 3571; x_wconf 88' lang='lat' dir='ltr'>disiecta</span> <span class='ocrx_word' id='word_1_149' title='bbox 1218 3531 1327 3569; x_wconf 89' lang='lat' dir='ltr'>non</span> <span class='ocrx_word' id='word_1_150' title='bbox 1356 3511 1469 3568; x_wconf 89' lang='lat' dir='ltr'>leni</span> <span class='ocrx_word' id='word_1_151' title='bbox 1493 3511 1655 3566; x_wconf 86' lang='lat' dir='ltr'>ruina</span> 
     </span>
     <span class='ocr_line' id='line_1_39' title="bbox 1040 3591 1891 3663; baseline -0.005 -11"><span class='ocrx_word' id='word_1_152' title='bbox 1040 3596 1266 3651; x_wconf 86' lang='lat' dir='ltr'>Thracis</span> <span class='ocrx_word' id='word_1_153' title='bbox 1293 3598 1351 3650; x_wconf 91' lang='lat' dir='ltr'>et</span> <span class='ocrx_word' id='word_1_154' title='bbox 1379 3593 1612 3649; x_wconf 83' lang='lat' dir='ltr'>exitium</span> <span class='ocrx_word' id='word_1_155' title='bbox 1640 3591 1891 3663; x_wconf 86' lang='lat' dir='ltr'>Lycurgi.</span> 
     </span>
     <span class='ocr_line' id='line_1_40' title="bbox 866 3672 2060 3761; baseline -0.008 -26"><span class='ocrx_word' id='word_1_156' title='bbox 866 3678 1145 3761; x_wconf 46' lang='grc' dir='ltr'>ΜΒ</span> <span class='ocrx_word' id='word_1_157' title='bbox 1167 3693 1372 3745; x_wconf 77' lang='lat' dir='ltr'>amneS,</span> <span class='ocrx_word' id='word_1_158' title='bbox 1407 3679 1471 3729; x_wconf 91' lang='lat' dir='ltr'>tu</span> <span class='ocrx_word' id='word_1_159' title='bbox 1496 3690 1646 3729; x_wconf 89' lang='lat' dir='ltr'>mare</span> <span class='ocrx_word' id='word_1_160' title='bbox 1672 3672 1981 3741; x_wconf 85' lang='lat' dir='ltr'>barbarum,</span> <span class='ocrx_word' id='word_1_161' title='bbox 2052 3677 2060 3707; x_wconf 73' lang='lat'>⁵</span> 
     </span>
     <span class='ocr_line' id='line_1_41' title="bbox 882 3754 1724 3831; baseline -0.01 -14"><span class='ocrx_word' id='word_1_162' title='bbox 882 3765 948 3817; x_wconf 92' lang='lat' dir='ltr'>tu</span> <span class='ocrx_word' id='word_1_163' title='bbox 974 3758 1241 3831; x_wconf 87' lang='lat' dir='ltr'>separatis</span> <span class='ocrx_word' id='word_1_164' title='bbox 1266 3755 1555 3813; x_wconf 80' lang='lat' dir='ltr'>uvidus-in</span> <span class='ocrx_word' id='word_1_165' title='bbox 1581 3754 1724 3826; x_wconf 86' lang='lat' dir='ltr'>iugis</span> 
     </span>
    </p>
   </div>
   <div class='ocr_carea' id='block_1_6' title="bbox 2496 1201 2552 1246">
    <p class='ocr_par' dir='ltr' id='par_1_16' title="bbox 2496 1201 2552 1246">
     <span class='ocr_line' id='line_1_42' title="bbox 2496 1201 2552 1246; baseline 0 -15"><span class='ocrx_word' id='word_1_166' title='bbox 2496 1201 2552 1246; x_wconf 82' lang='grc'>30</span> 
     </span>
    </p>
   </div>
   <div class='ocr_carea' id='block_1_7' title="bbox 2500 1605 2556 1654">
    <p class='ocr_par' dir='ltr' id='par_1_17' title="bbox 2500 1605 2556 1654">
     <span class='ocr_line' id='line_1_43' title="bbox 2500 1605 2556 1654; baseline -0.036 0"><span class='ocrx_word' id='word_1_167' title='bbox 2500 1605 2556 1654; x_wconf 86' lang='grc'>35</span> 
     </span>
    </p>
   </div>
   <div class='ocr_carea' id='block_1_8' title="bbox 2501 2016 2561 2059">
    <p class='ocr_par' dir='ltr' id='par_1_18' title="bbox 2501 2016 2561 2059">
     <span class='ocr_line' id='line_1_44' title="bbox 2501 2016 2561 2059; baseline 0 -13"><span class='ocrx_word' id='word_1_168' title='bbox 2501 2016 2561 2059; x_wconf 91' lang='lat'>40</span> 
     </span>
    </p>
   </div>
   <div class='ocr_carea' id='block_1_9' title="bbox 2511 3125 2566 3155">
    <p class='ocr_par' dir='ltr' id='par_1_19' title="bbox 2511 3125 2566 3155">
     <span class='ocr_line' id='line_1_45' title="bbox 2511 3125 2566 3155; baseline 0.018 -1"><span class='ocrx_word' id='word_1_169' title='bbox 2511 3125 2566 3155; x_wconf 93' lang='lat'>10</span> 
     </span>
    </p>
   </div>
  </div>
 </body>
</html>
