2792 4334
429 325 490 373 86

1143 318 1200 378 Q.
1243 316 1501 367 HORATI
1539 313 1778 366 FLACCI

830 473 924 530 per
949 454 1147 511 liberos
1175 458 1247 523 te,
1278 451 1325 507 si
1354 454 1550 506 vocata
1576 449 1842 522 partubus

908 537 1117 592 Lucina
1143 534 1285 590 veris
1314 532 1508 602 adfuit,

829 637 923 693 per
951 618 1051 674 hoc
1079 617 1241 672 inane
1268 631 1539 686 purpurae
1563 612 1731 669 decus
1757 629 1960 684 precor,

905 718 1003 773 per
1028 696 1446 770 inprobaturum
1473 695 1608 750 haec
1635 694 1840 764 Iovem,

831 781 960 855 quid
990 786 1054 836 ut
1080 796 1311 835 noverca
1339 795 1426 833 me
1454 776 1685 832 intueris
1713 781 1812 832 aut
1839 775 1925 831 uti

906 862 1083 935 petita
1107 860 1251 916 ferro
1278 858 1440 914 belua
1456 858 1477 914 'l
1492 858 1506 883 '

831 948 895 1001 ut
921 944 1055 1000 haee
1082 940 1343 999 trementi
1368 944 1715 1012 questus-ore
1744 937 1995 994 constitit

909 1024 1216 1096 insignibus
1243 1022 1417 1094 raptis
1445 1039 1595 1093 puer,

831 1107 1031 1179 inpube
1060 1123 1267 1177 corpuS,
1297 1102 1459 1175 quale
1487 1107 1670 1174 posset
1697 1101 1848 1172 inpia

910 1187 1119 1244 mollire
1150 1186 1422 1241 Thracum
1450 1187 1682 1256 pectora,

835 1268 1078 1336 Canidia,
1102 1266 1360 1324 brevibus
1388 1265 1650 1336 inplicata
1676 1263 1879 1335 viperis

911 1351 1084 1406 crines
1111 1355 1168 1404 et
1197 1349 1537 1419 incomptum
1566 1350 1744 1418 caput,

831 1432 982 1488 iubet
1010 1430 1307 1502 sepulchris
1337 1427 1616 1499 caprificos
1643 1431 1843 1496 erutas,

910 1512 1065 1568 iubet
1093 1528 1371 1583 cupressos
1401 1508 1656 1565 funebres

833 1601 887 1652 et
914 1598 1082 1650 uncta
1109 1593 1286 1664 turpis
1316 1609 1420 1646 ova
1446 1608 1609 1646 ranae
1637 1588 1902 1660 sanguine

912 1676 1263 1748 plumamque
1291 1677 1590 1727 nocturnae
1618 1671 1803 1742 strigis

833 1757 1148 1828 herbasque,
1182 1772 1316 1827 quas
1346 1753 1523 1809 Iolcos
1553 1757 1717 1823 atque
1749 1750 1983 1806 Hiberia

908 1839 1089 1895 mittit
1117 1853 1451 1893 venenorum
1477 1834 1646 1904 ferax,

833 1924 889 1977 et
916 1937 1038 1976 ossa
1065 1918 1253 1988 abore
1281 1921 1441 1988 rapta
1468 1915 1680 1971 ieiunae
1709 1913 1858 1970 oanis

909 2001 1146 2057 flammis
1175 1999 1331 2055 aduri
1362 1997 1645 2054 Colchicis.

835 2088 893 2140 at
921 2082 1178 2154 expedita
1207 2080 1423 2152 Sagana
1449 2096 1548 2150 per
1575 2082 1752 2134 totam
1779 2076 2026 2132 domum=

911 2180 1169 2236 spargens
1198 2160 1502 2217 Avernales
1530 2177 1699 2231 aquas

834 2245 1016 2302 horret
1043 2243 1253 2316 capillis
1280 2247 1346 2298 ut
1373 2242 1617 2296 marinus
1643 2239 1849 2313 asperis

911 2327 1133 2383 echinus
1163 2329 1261 2380 aut
1290 2341 1512 2380 currens
1540 2340 1682 2394 aper.

836 2408 1029 2465 abacta
1055 2406 1207 2462 nulla
1236 2405 1373 2461 Veia
1403 2404 1734 2460 conscientia

910 2489 1184 2561 ligonibus
1214 2487 1363 2543 duris
1391 2487 1624 2541 humum

834 2570 1187 2627 exhauriebat
1217 2570 1498 2640 ingemens
1527 2565 1823 2635 laboribUS,

912 2670 1019 2724 quo
1047 2655 1232 2723 posset
1260 2650 1498 2705 infossus
1527 2666 1659 2720 puer

833 2733 993 2805 longo
1020 2732 1107 2788 die
1137 2732 1223 2787 bis
1252 2737 1443 2802 terque
1472 2734 1721 2786 mutatae
1752 2728 1907 2801 dapis

912 2813 1141 2871 inemori
1170 2811 1499 2884 spectacu10‚

836 2915 958 2952 cum
985 2894 1318 2967 promineret
1348 2910 1453 2963 ore,
1488 2897 1759 2964 quantum
1789 2893 2011 2947 exstant
2038 2906 2182 2960 aqua

913 2994 1176 3049 suspensa
1202 2978 1388 3033 mento
1419 2991 1670 3045 corpora:

835 3064 1051 3116 exsecta
1079 3058 1162 3113 uti
1190 3054 1434 3111 medulla
1461 3060 1519 3110 et
1548 3054 1764 3109 aridum
1792 3053 1939 3108 iecur

914 3140 1111 3196 amoris
1141 3142 1283 3194 esset
1312 3135 1584 3208 poculum,

835 3221 1185 3277 interminato
1214 3236 1338 3273 cum
1367 3216 1535 3273 semel
1564 3215 1702 3272 fixae
1733 3215 1853 3271 cibo

914 3301 1280 3358 intabuissent
1310 3298 1564 3371 pupulae.

839 3402 945 3439 non
974 3383 1209 3439 defuisse
1239 3378 1511 3435 masculae
1539 3377 1785 3434 libidinis

915 3463 1314 3520 Ariminensem
1348 3460 1560 3515 Foliam

838 3551 893 3601 et
921 3548 1093 3601 otiosa
1120 3543 1349 3600 eredidit
1380 3539 1642 3612 Neapolis

917 3632 974 3683 et
1003 3643 1160 3682 omne
1188 3625 1429 3680 vicinum
1458 3620 1735 3693 oppidum,

839 3726 977 3780 quae
1005 3708 1183 3763 sidera
1211 3708 1502 3762 excantata
1529 3720 1658 3757 voce
1689 3699 1954 3756 Thessala

919 3789 1215 3860 lunamque
1244 3786 1389 3843 caelo
1419 3783 1631 3854 deripit.

2460 871 2515 902 10

2465 2501 2524 2546 30

2466 2906 2522 2952 35

2466 3314 2527 3355 40

2470 3717 2528 3763 45

2721 0 2744 274 „nm-u-ssnfflffl
