2792 4334
437 289 500 336 84

1171 288 1226 348 Q.
1264 287 1525 339 HORATI
1563 288 1801 340 FLACCI

918 423 1124 481 Sabina
1151 423 1327 496 qualis
1356 430 1455 481 aut
1483 431 1706 496 perusta
1731 425 1936 482 solibus

999 506 1232 578 pernicis
1261 524 1401 562 uxor
1428 506 1613 579 Apuli,

918 605 1133 643 sacrum
1160 588 1400 643 vetustis
1428 593 1676 644 exstruat
1703 587 1867 660 lignis
1894 588 2078 644 focum

999 667 1130 724 lassi
1158 668 1261 723 sub
1288 668 1589 725 adventum
1618 669 1738 741 viri,

921 749 1284 820 claudensque
1311 750 1484 806 textis
1513 750 1754 807 cratibus
1781 750 1992 808 laetum
2019 768 2183 823 pecus

1001 831 1243 886 distenta
1270 832 1436 889 siccet
1463 831 1644 903 ubera,

922 917 981 968 et
1008 911 1180 968 horna
1207 912 1354 968 dulci
1383 914 1514 968 vina
1539 931 1793 985 promens
1822 913 1967 970 dolio

1003 993 1169 1065 dapes
1196 995 1470 1066 inemptas
1498 1001 1758 1066 apparet:

922 1092 1032 1130 non
1061 1092 1147 1130 me
1176 1075 1416 1131 Lucrina
1441 1076 1683 1132 iuverint
1711 1075 1994 1149 conchylia

1002 1157 1246 1228 magisve
1272 1156 1537 1212 rhombus
1564 1162 1664 1212 aut
1691 1158 1845 1227 scari,

922 1236 972 1291 si
1000 1254 1134 1308 quos
1165 1237 1292 1293 Eois
1326 1238 1336 1249 ‘
1383 1243 1576 1294 tonata
1602 1237 1863 1294 fluctibus

1002 1317 1149 1374 hiem
1241 1319 1311 1375 ad
1341 1319 1445 1376 hoc
1472 1324 1656 1375 vertat
1683 1338 1832 1375 mare
1852 1340 1868 1392 3

922 1416 1031 1453 non
1060 1398 1197 1455 Afra
1224 1399 1342 1457 avis
1371 1401 1665 1457 descendat
1692 1401 1751 1456 in
1778 1405 2030 1457 ventrem
2057 1418 2255 1471 meum,

1004 1497 1112 1535 non
1141 1485 1365 1552 attagen
1396 1482 1616 1538 Ionicus

922 1561 1223 1632 iucundior,
1256 1581 1424 1633 quam
1451 1562 1594 1619 lecta
1622 1563 1690 1619 de
1717 1563 2091 1635 pinguissimis

1005 1641 1149 1698 oliva
1175 1644 1341 1699 ramis
1370 1644 1644 1713 arborum,

924 1728 1024 1779 aut
1051 1723 1220 1781 herba
1246 1724 1461 1796 lapathi
1487 1730 1648 1797 prata
1675 1726 1913 1781 amantis
1940 1729 1998 1781 et
2025 1725 2180 1798 gravi

1005 1805 1218 1862 malvae
1246 1805 1492 1863 salubres
1520 1807 1741 1878 corpori,

924 1885 1015 1942 vel
1044 1905 1185 1958 agna
1212 1888 1368 1943 festis
1398 1906 1552 1944 caesa
1582 1887 1981 1944 Terminalibus

1004 1967 1091 2024 vel
1118 1968 1324 2025 haedus
1354 1973 1573 2041 ereptus
1599 1968 1743 2040 lup0.

904 2048 1025 2104 has
1053 2050 1197 2105 inter
1224 2049 1414 2122 epulas
1442 2056 1505 2106 ut
1533 2051 1690 2106 iuvat
1717 2054 1904 2122 pastas
1931 2067 2063 2106 oves

1003 2129 1189 2187 videre
1216 2136 1569 2204 properantes
1600 2131 1839 2201 domum,

926 2210 1110 2267 videre
1137 2212 1305 2268 fessos
1334 2230 1609 2268 vomerem
1637 2214 1913 2269 inversum
1939 2212 2109 2269 boves

1006 2292 1142 2348 collo
1172 2293 1452 2350 trahentes
1479 2293 1751 2365 languido,

925 2378 1217 2446 postosque
1243 2393 1455 2447 vernas,
1489 2375 1622 2432 ditis
1652 2393 1879 2431 examen
1905 2375 2114 2447 domus,

1007 2455 1207 2511 circum
1236 2457 1545 2513 renidentes
1575 2457 1776 2512 Lares.'

926 2534 1061 2592 haec
1088 2536 1185 2592 ubi
1211 2537 1429 2594 locutus
1456 2538 1763 2594 faenerator
1788 2537 1983 2609 Alfius,

1006 2617 1116 2673 iam
1143 2619 1253 2673 iam
1280 2620 1504 2675 futurus
1532 2620 1782 2689 rusticus,

927 2715 1144 2754 omnem
1172 2699 1384 2771 redegit
1412 2699 1606 2756 Idibus
1633 2700 1933 2772 pecuniam,

1007 2780 1221 2851 quaerit
1249 2780 1517 2837 Kalendis
1543 2799 1756 2853 ponere.

1437 3040 1531 3096 III

929 3173 1182 3229 Parentis
1210 3173 1337 3228 olim
1368 3173 1416 3228 si
1443 3174 1566 3244 quis
1593 3174 1744 3245 inpia
1770 3192 1937 3229 manu

1008 3254 1176 3310 senile
1203 3258 1400 3325 guttur
1425 3255 1661 3326 fregerit,

930 3335 1047 3391 edit
1076 3336 1265 3391 cicutis
1293 3334 1465 3391 alium
1492 3336 1789 3393 nocentius,

1012 3434 1044 3472 o
1072 3416 1208 3472 dura
1235 3433 1533 3472 messorum
1561 3416 1690 3474 ilia!

932 3498 1067 3568 quid
1094 3497 1195 3554 hoc
1224 3498 1420 3554 veneni
1447 3498 1622 3553 saevit
1648 3499 1706 3553 in
1734 3497 2098 3568 praecordiis‘l

1012 3597 1143 3634 num
1170 3580 1448 3650 viperinus
1477 3578 1562 3634 his
1591 3596 1745 3634 cruor

930 3659 1174 3716 incoctus
1201 3660 1385 3716 herbis
1414 3678 1500 3716 me
1527 3659 1739 3730 fefellit,
1772 3677 1843 3714 an
1870 3660 2044 3716 malas

1014 3740 1244 3797 Canidia
1271 3742 1536 3798 tractavit
1565 3741 1766 3812 dapes2

2466 1178 2523 1223 50

2466 1582 2523 1628 55

2467 2806 2526 2846 70
