2792 4334
737 419 744 427 1
825 346 1313 397 EPISTULARUM
1347 346 1480 396 LIB.
1521 348 1591 398 ΙΙ.
1630 348 1660 393 2
2192 349 2286 401 179

430 499 538 539 nec
565 499 732 553 prave
758 482 923 537 factis
950 481 1193 538 decorari
1221 483 1472 540 versibus
1499 486 1647 556 opt0,

432 583 502 619 ne
537 564 762 620 rubeam
789 563 984 634 pingui
1011 563 1250 621 donatus
1279 582 1505 621 munere
1532 569 1590 621 et
1617 581 1729 618 una

433 662 568 701 cum
595 645 858 715 scriptore
886 662 1009 700 meo
1037 663 1201 716 capsa
1228 651 1512 717 porrectus
1540 651 1731 717 operta

431 725 656 781 deferar
681 726 738 780 in
766 725 952 781 vicum
980 726 1315 783 vendentem
1342 732 1435 783 tus
1463 732 1521 783 et
1550 726 1744 783 odores

432 812 492 863 et
522 807 683 878 piper
708 810 766 861 et
793 807 1064 878 quidquid
1092 808 1302 865 chartis
1326 809 1587 865 amicitur
1612 808 1829 879 ineptis.
2206 834 2296 876 270

1221 1005 1284 1061 II

435 1122 621 1196 Flore,
653 1125 795 1180 bono
821 1123 1077 1197 claroque
1103 1125 1286 1181 fidelis
1313 1126 1487 1182 amice
1517 1125 1746 1194 Neroni,

431 1206 482 1261 si
510 1206 642 1277 quis
669 1205 810 1261 forte
836 1205 977 1261 velit
1005 1224 1236 1279 puerum
1264 1206 1370 1262 tibi
1396 1206 1634 1263 vendere
1662 1211 1857 1262 natum

436 1286 648 1342 Tibure
676 1286 766 1342 vel
795 1285 990 1343 Gabiis
1019 1292 1077 1344 et
1105 1291 1289 1344 tecum
1316 1288 1394 1343 sic
1422 1293 1555 1358 agat
1589 1290 1603 1316 ‘
1620 1287 1711 1343 hic
1738 1293 1795 1343 et

433 1366 709 1423 candidus
737 1373 794 1423 et
823 1367 966 1424 talos
994 1385 1029 1424 a
1052 1369 1259 1424 vertice
1287 1368 1515 1441 pulcher
1543 1368 1613 1424 ad
1642 1368 1785 1425 imos

434 1448 539 1504 fiet
566 1448 780 1521 eritque
808 1453 942 1505 tuus
968 1467 1321 1505 nummorum
1346 1449 1576 1505 milibus
1604 1455 1743 1520 oct0‚
2272 1472 2300 1518 5

433 1547 612 1586 verna
639 1530 961 1586 ministeriis
987 1531 1060 1587 ad
1088 1536 1258 1587 nutus
1287 1536 1452 1602 aptus
1482 1531 1658 1603 eriles,

434 1610 708 1667 litterulis
737 1610 963 1668 Graecis
991 1612 1239 1684 inbutus,
1272 1613 1502 1669 idoneus
1529 1613 1641 1668 arti

434 1691 688 1762 cuilibet,
718 1692 917 1764 argilla
944 1693 1166 1764 quidvis
1193 1693 1502 1749 imitaberis
1527 1693 1678 1764 uda3

435 1774 578 1845 quin
607 1775 778 1829 etiam
806 1778 969 1830 canet
996 1773 1300 1844 indoctum,
1331 1775 1430 1830 sed
1457 1774 1618 1831 dulce
1645 1773 1873 1830 bibenti.

432 1854 625 1910 multa
650 1854 817 1911 fidem
844 1856 1114 1927 promissa
1140 1855 1347 1926 levant,
1379 1856 1477 1912 ubi
1505 1855 1722 1927 plenius
1750 1873 1923 1926 aequo
2245 1881 2301 1910 10

433 1935 636 1992 laudat
662 1935 885 1992 venales
914 1937 1012 2009 qui
1038 1935 1164 1993 vult
1192 1937 1485 1993 extrudere
1513 1954 1734 1993 merces.

432 2035 525 2073 res
555 2022 756 2089 urguet
781 2035 871 2073 me
899 2017 1088 2075 nulla:
1131 2036 1254 2074 meo
1281 2036 1404 2073 sum
1433 2036 1642 2090 pauper
1668 2018 1727 2073 in
1757 2035 1891 2074 aere.

435 2116 604 2154 nemo
632 2099 735 2154 hoc
762 2116 1098 2170 mangonum
1126 2099 1331 2156 faceret
1359 2099 1465 2155 tibi
1487 2119 1502 2170 3
1544 2117 1654 2155 non
1684 2104 1888 2155 temere
1916 2117 1952 2154 a
1979 2117 2066 2155 me

435 2180 627 2251 quivis
655 2179 822 2236 ferret
848 2180 1014 2237 idem.
1100 2180 1271 2236 semel
1300 2181 1389 2236 hic
1417 2180 1655 2236 cessavit
1686 2185 1759 2250 et,
1792 2185 1854 2235 ut
1881 2180 1967 2250 fit,

434 2262 497 2317 in
525 2260 693 2317 scalis
717 2260 887 2317 latuit
914 2265 1170 2317 metuens
1195 2261 1489 2334 pendentis
1517 2261 1766 2317 habenae
1790 2283 1800 2316 :
2247 2283 2302 2329 15

434 2342 539 2398 des
567 2360 837 2412 nummos,
869 2348 1100 2414 excepta
1125 2342 1269 2398 nihil
1295 2347 1354 2398 te
1380 2344 1430 2398 si
1457 2342 1591 2414 fiiga
1617 2341 1792 2399 laedit
1814 2343 1857 2399 :²

434 2423 537 2479 ille
568 2422 711 2479 ferat
736 2424 978 2494 pretium
1006 2441 1213 2495 poenae
1241 2442 1478 2493 securus,
1512 2423 1719 2495 opinor.

434 2503 685 2577 prudens
712 2506 898 2560 emisti
925 2505 1208 2576 vitiosum,
1241 2504 1392 2561 dicta
1419 2505 1528 2561 tibi
1554 2510 1641 2561 est
1668 2505 1760 2561 lex
1785 2527 1796 2561 z

433 2586 745 2657 insequeris
774 2590 963 2642 tamen
992 2585 1139 2641 hune
1168 2590 1226 2642 et
1251 2586 1353 2642 lite
1381 2586 1614 2642 moraris
1641 2586 1845 2657 iniqua.

437 2667 562 2724 dixi
588 2684 678 2722 me
703 2667 923 2738 pigrum
950 2667 1321 2737 proficiscenti
1346 2667 1469 2737 tibi,
1503 2667 1621 2723 dixi
2245 2691 2304 2722 20

436 2747 653 2804 talibus
681 2747 872 2803 officiis
899 2765 1067 2820 prope
1098 2765 1368 2819 mancum,
1402 2766 1472 2805 ne
1499 2766 1624 2804 mea
1647 2765 1846 2804 saevus

437 2830 691 2901 iurgares
718 2828 790 2884 ad
817 2833 875 2885 te
903 2829 1051 2900 quod
1082 2828 1324 2900 epistula
1350 2828 1507 2884 nulla
1534 2828 1755 2887 rediret.

439 2910 582 2981 quid
609 2914 733 2966 tum
759 2909 980 2982 profeci,
1014 2927 1230 2966 mecum
1257 2910 1519 2966 facientia
1546 2911 1668 2966 iura

438 2992 489 3047 si
516 2995 710 3047 tamen
736 2991 1093 3063 adtemptas?
1174 2992 1419 3063 quereris
1444 3008 1611 3062 super
1637 2992 1742 3048 hoc
1769 2992 1956 3062 etiam,
1989 2990 2134 3061 quod

438 3077 764 3145 exspectata
789 3071 897 3129 tibi
924 3090 1033 3128 non
1062 3073 1288 3128 mittam
1317 3072 1560 3128 carmina
1587 3072 1837 3128 mendax.
2243 3096 2273 3126 2
2275 3094 2302 3140 5

440 3152 671 3209 Luculli
695 3153 854 3210 miles
883 3153 1113 3209 collecta
1139 3154 1346 3209 viatica
1370 3152 1566 3209 multis

440 3236 737 3306 aerumnis,
770 3234 950 3290 lassus
978 3235 1113 3290 dum
1141 3239 1311 3290 noctu
1336 3234 1543 3305 stertit,
1576 3234 1647 3291 ad
1674 3251 1853 3290 assem

441 3315 796 3387 perdiderat:
839 3320 967 3387 post
993 3315 1098 3372 hoc
1124 3315 1422 3371 vehemens
1447 3315 1629 3388 lupuS,
1661 3321 1720 3373 et
1747 3315 1852 3371 sibi
1880 3319 1942 3370 et
1971 3312 2116 3370 hosti

440 3397 626 3453 iratus
652 3397 873 3469 pariter,
907 3396 1106 3453 ieiunis
1133 3396 1394 3453 dentibus
1422 3415 1560 3469 acer,

440 3477 781 3550 praesidium
807 3478 991 3549 regale
1018 3477 1136 3534 loco
1164 3478 1378 3547 deiecit,
1413 3484 1477 3535 ut
1505 3480 1677 3549 aiunt,
2245 3500 2306 3546 30

441 3577 665 3615 summe
692 3560 910 3615 munito
938 3564 996 3616 et
1024 3558 1330 3615 multarum
1359 3558 1535 3616 divite
1564 3578 1762 3616 rerum.

441 3639 630 3697 clarus
658 3641 730 3696 ob
755 3641 813 3696 id
842 3639 1055 3696 factum
1082 3639 1242 3696 donis
1269 3646 1502 3696 ornatur
1528 3640 1791 3711 honestis,

442 3722 651 3794 accipit
680 3727 737 3778 et
762 3722 850 3778 bis
879 3721 1023 3778 dena
1049 3739 1214 3793 super
1241 3723 1499 3778 sestertia
1525 3740 1829 3779 nummum.

442 3802 590 3860 forte
618 3804 723 3859 sub
751 3801 853 3859 hoc
883 3808 1103 3874 tempus
1131 3803 1423 3859 castellum
1450 3810 1696 3860 evertere
1724 3809 1944 3875 praetor
