2792 4334
903 337 1394 390 EPISTULARUM
1432 338 1560 389 LIB.
1601 338 1641 388 Ι.
1678 342 1710 388 2
2261 344 2355 394 149

416 473 553 531 olim
580 472 736 545 quod
762 471 956 546 vulpes
983 478 1208 545 aegroto
1235 479 1403 531 cauta
1427 473 1572 531 leoni

415 555 709 629 respondit
736 555 1001 611 referam:
1050 557 1064 583 ‘
1080 555 1213 627 quia
1240 574 1330 612 me
1357 555 1596 627 vestigia
1622 558 1846 625 terrent,

416 638 611 694 omnia
638 642 696 693 te
723 636 1016 692 adversum
1043 638 1371 709 spectantia,
1404 637 1558 693 nulla
1584 635 1918 693 retrorsum!
2299 662 2357 709 75

415 718 584 775 belua
614 716 917 774 multorum
944 734 1003 773 es
1033 719 1289 790 mpitum.
1356 737 1485 775 nam
1514 718 1649 790 quid
1675 736 1871 790 sequar
1897 721 1998 775 aut
2026 720 2226 791 quem?

414 818 545 872 pars
572 798 862 855 hominum
890 799 1062 871 gestit
1092 799 1393 856 conducere
1420 799 1675 873 publica3
1715 806 1847 856 sunt
1874 801 1970 871 qui

415 881 619 938 frustis
645 884 704 936 et
729 879 906 952 pomis
932 880 1131 937 viduas
1157 885 1433 938 venentur
1457 898 1652 938 avaras

417 962 809 1034 excipiantque
834 978 992 1018 senes
1021 979 1158 1034 quos
1184 963 1244 1018 in
1272 962 1487 1019 vivaria
1513 963 1746 1019 mittant
1766 983 1783 1035 3

415 1042 621 1100 multis
647 1041 859 1122 occulto
886 1043 1084 1100 crescit
1111 1061 1200 1100 res
1226 1043 1462 1102 faenore.
1547 1061 1741 1100 verum
2301 1056 2361 1099 80

417 1129 540 1181 esto
567 1122 697 1180 aliis
724 1123 859 1179 alios
888 1122 1053 1181 rebus
1081 1124 1389 1197 studiisque
1418 1125 1628 1182 teneri:

417 1205 569 1262 idem
597 1204 793 1261 eadem
820 1210 1053 1277 possunt
1081 1205 1273 1262 horam
1302 1206 1499 1262 durare
1523 1205 1861 1278 probantes?

387 1285 615 1343 ‘nullus
642 1286 702 1342 in
729 1285 857 1343 orbe
885 1287 1041 1343 sinus
1073 1286 1226 1343 Baiis
1253 1287 1532 1359 praelucet
1561 1288 1805 1344 amoenis
1823 1287 1837 1312 '

416 1369 465 1425 si
494 1367 646 1424 dixit
673 1366 842 1439 dives,
873 1366 1027 1425 lacus
1057 1373 1115 1425 et
1141 1386 1294 1424 mare
1320 1369 1492 1425 sentit
1520 1386 1764 1425 amorem

415 1448 742 1506 festinantis
769 1449 882 1520 eri3
924 1449 1014 1506 cui
1042 1449 1091 1505 si
1118 1450 1323 1506 vitiosa
1347 1449 1523 1506 libido
2301 1463 2359 1519 85

417 1531 619 1587 fecerit
644 1529 967 1603 auspicium,
1001 1548 1119 1588 cras
1146 1531 1481 1589 ferramenta
1508 1531 1756 1589 Teanum

416 1612 651 1682 tolletis,
680 1611 839 1669 fabri.
925 1610 1102 1668 lectus
1129 1611 1361 1684 genialis
1388 1613 1448 1669 in
1476 1613 1605 1669 aula
1632 1618 1716 1670 est
1741 1636 1751 1670 :

416 1693 500 1750 nil
526 1694 615 1750 ait
641 1710 761 1750 esse
786 1694 955 1765 prius,
988 1693 1186 1750 melius
1213 1693 1295 1749 nil
1323 1694 1528 1751 caelibe
1556 1695 1710 1766 vita3

417 1776 465 1832 si
494 1793 612 1831 non
639 1778 742 1846 est,
773 1774 921 1831 iurat
947 1773 1088 1831 bene
1115 1775 1249 1831 solis
1276 1792 1395 1832 esse
1422 1776 1655 1832 maritis.

416 1874 526 1929 quo
556 1861 783 1913 teneam
808 1856 1003 1913 vultus
1029 1860 1345 1913 mutantem
1374 1856 1577 1914 Protea
1602 1857 1785 1914 nodo‘l
2301 1880 2363 1925 90

418 1937 556 2011 quid
583 1937 832 2010 pauper?
911 1937 1065 1994 ride:
1108 1942 1295 1995 mutat
1323 1939 1596 2011 cenacula,
1628 1938 1814 2011 lectoS,

417 2019 638 2090 balnea,
669 2024 933 2091 tonsores,
965 2019 1236 2076 conducto
1263 2020 1485 2091 navigio
1512 2038 1685 2093 aeque

418 2105 656 2157 nauseat
686 2118 751 2157 ac
776 2100 1033 2173 locuples,
1065 2119 1231 2173 quem
1258 2101 1415 2157 ducit
1441 2103 1602 2174 priva
1629 2102 1881 2160 triremis.

418 2183 467 2240 si
495 2186 726 2239 curatus
753 2181 1030 2254 inaequali
1057 2186 1276 2240 tonsore
1305 2182 1530 2255 capillos

419 2263 648 2335 occurri,
682 2263 863 2337 rides3
903 2264 953 2319 si
980 2263 1122 2321 forte
1151 2264 1422 2321 subucula
1448 2282 1619 2337 pexae
2301 2284 2361 2332 95

418 2345 559 2402 trita
585 2344 783 2402 subest
808 2345 1044 2416 tunicae,
1076 2344 1167 2402 vel
1193 2346 1243 2402 si
1271 2351 1403 2418 toga
1429 2345 1661 2402 dissidet
1687 2346 1860 2418 inpar,

417 2426 599 2483 rides:
646 2425 797 2498 quid,
823 2444 948 2482 mea
975 2444 1102 2483 cum
1129 2431 1344 2498 pugnat
1371 2428 1650 2484 sententia
1675 2445 1876 2498 secum,

417 2507 568 2581 quod
594 2507 766 2580 petiit
793 2508 1018 2580 spernit,
1051 2508 1254 2581 repetit
1282 2509 1430 2581 quod
1458 2526 1631 2581 nuper
1658 2509 1859 2580 omisit,

418 2592 645 2646 aestuat
673 2592 732 2645 et
760 2589 909 2645 vitae
937 2588 1281 2646 disconvenit
1309 2589 1500 2646 ordine
1527 2594 1662 2660 tot0,

419 2669 613 2742 diruit,
646 2669 918 2740 aedificat,
951 2674 1136 2727 mutat
1165 2670 1439 2743 quadrata
1464 2670 1755 2728 rotundis?
2279 2693 2365 2724 100

417 2752 662 2808 insanire
689 2757 857 2824 putas
884 2751 1173 2808 sollemnia
1198 2770 1288 2809 me
1315 2770 1493 2824 neque
1519 2751 1679 2823 rides,

418 2851 520 2890 nec
549 2833 755 2890 medici
782 2832 958 2890 credis
986 2851 1085 2890 nec
1113 2834 1380 2890 curatoris
1409 2851 1565 2906 egere

419 2932 454 2971 a
481 2919 739 2988 praetore
767 2913 899 2985 dati,
934 2932 1118 2971 rerum
1145 2914 1326 2971 tutela
1350 2932 1601 2971 mearum

419 3014 548 3053 cum
574 2998 656 3053 sis
683 3000 742 3053 et
770 3013 939 3068 prave
966 3000 1180 3053 sectum
1207 2995 1570 3052 stomacheris
1598 2995 1669 3052 ob
1693 3012 1936 3068 unguem

421 3076 493 3134 de
519 3083 579 3134 te
604 3076 917 3150 pendentis,
952 3082 1011 3134 te
1036 3077 1380 3150 respicientis
1409 3077 1588 3134 amici.
2281 3097 2365 3144 105

419 3157 494 3215 ad
520 3176 817 3228 summam,
848 3159 1068 3230 sapiens
1094 3176 1205 3214 uno
1232 3159 1413 3214 minor
1439 3163 1525 3215 est
1553 3157 1702 3228 Iove,
1736 3157 1905 3228 dives,

419 3238 577 3309 liber,
609 3239 931 3310 honoratus,
963 3238 1206 3311 pulcher,
1237 3257 1335 3296 rex
1361 3239 1600 3311 denique
1626 3256 1833 3311 regum,

418 3322 717 3393 praecipue
744 3338 924 3392 sanuS,
956 3320 1065 3377 nisi
1092 3338 1219 3377 cum
1244 3321 1454 3392 pituita
1478 3319 1713 3377 molesta
1740 3325 1840 3377 est.

1282 3501 1346 3558 II

422 3634 654 3691 Troiani
683 3633 815 3690 belli
842 3634 1180 3707 scriptorem,
1215 3634 1463 3690 Maxime
1493 3633 1653 3706 Lolli,

419 3716 558 3772 dum
586 3721 654 3772 tu
683 3715 958 3771 declamas
986 3715 1208 3788 Romae,
1243 3716 1544 3772 Praeneste
1570 3715 1772 3787 relegi:

420 3798 519 3869 qui
546 3796 687 3869 quid
714 3798 791 3853 sit
817 3796 1123 3869 pulchrum,
1157 3797 1292 3870 quid
1321 3802 1501 3869 turpe,
1535 3797 1670 3870 quid
1695 3796 1850 3868 utile,
1884 3796 2019 3869 quid
2048 3814 2173 3867 non,
