2792 4334
961 282 1354 333 SERMONUM
1390 283 1521 332 LIB.
1559 280 1627 330 11.
1668 283 1696 329 3

507 420 724 476 solatus
751 419 918 475 iussit
943 419 1252 490 sapientem
1280 436 1501 491 pascere
1529 416 1758 473 barbam

507 506 682 571 atque
712 520 745 557 a
772 501 1025 556 Fabricio
1054 519 1164 556 non
1194 502 1418 557 tristem
1446 503 1613 572 ponte
1643 498 1861 554 reverti.

507 599 641 638 nam
670 582 817 637 male
846 600 903 637 re
930 586 1103 653 gesta,
1137 600 1264 638 cum
1292 581 1495 638 vellem
1524 581 1744 636 mittere
1773 586 1964 650 operto

508 681 596 718 me
628 663 811 734 capite
838 663 900 718 in
924 662 1148 733 flumen,
1182 663 1378 719 dexter
1406 664 1569 719 stetit
1597 666 1654 716 et
1688 664 1721 690 “
1739 678 1872 716 cave
1901 661 2043 716 faxis

509 751 566 800 te
595 744 899 815 quicquam
925 744 1216 816 indignum
1241 766 1253 802 :
1296 744 1525 817 pudor‚''
1553 743 1749 814 inquit,
1790 744 1823 770 “
1844 747 1901 797 te
1926 741 2108 798 malus
2133 745 2307 814 angit,

509 827 736 881 insanos
764 827 863 897 qui
890 826 1036 881 inter
1063 843 1286 882 vereare
1316 826 1542 881 insanus
1570 824 1774 880 haberi.

508 907 755 979 primum
783 924 914 962 nam
942 907 1234 978 inquiram,
1270 906 1406 978 quid
1434 907 1510 963 sit
1537 906 1717 961 furere
1741 927 1752 961 :
1795 904 1900 960 hoc
1927 905 1973 960 si
2002 906 2111 961 erit
2139 905 2195 959 in
2226 910 2283 961 te

509 987 648 1058 solo,
679 987 760 1043 nil
787 987 959 1059 verbi,
990 1005 1185 1058 pereas
1214 988 1349 1059 quin
1377 987 1614 1056 fortiter,
1649 986 1866 1042 addam.

510 1086 679 1141 quem
708 1068 859 1124 mala
886 1067 1136 1125 stultitia
1163 1075 1222 1125 et
1251 1085 1654 1140 quemcumque
1681 1068 1905 1122 inscitia
1929 1068 2051 1122 veri

509 1166 737 1206 caecum
766 1150 901 1222 agit,
934 1150 1191 1206 insanum
1224 1149 1523 1222 Chrysippi
1548 1149 1794 1220 porticus
1823 1153 1883 1203 et
1909 1165 2045 1219 grex

508 1235 788 1288 autumat.
876 1230 1008 1287 haec
1036 1231 1282 1303 populos,
1318 1230 1453 1287 haec
1481 1247 1709 1300 magnos
1737 1228 1974 1284 formula
2002 1247 2170 1300 reges,

508 1316 744 1383 excepto
770 1313 1036 1383 sapiente,
1069 1316 1240 1369 tenet.
1327 1329 1474 1367 nunc
1503 1312 1699 1382 accipe,
1732 1327 1903 1381 quare

506 1392 796 1465 desipiant
825 1411 1014 1450 omnes
1043 1411 1216 1465 aeque
1247 1411 1311 1449 ac
1340 1398 1421 1462 tn,
1455 1393 1550 1464 qui
1578 1392 1686 1447 tibi
1715 1409 1914 1447 nomen

508 1476 708 1531 insano
735 1493 976 1547 posuere.
1067 1473 1224 1531 velut
1254 1474 1425 1544 silvis,
1459 1474 1556 1530 ubi
1584 1473 1789 1545 passim

509 1555 769 1629 palantes
797 1553 945 1612 error
972 1561 1124 1612 certo
1152 1555 1220 1612 de
1250 1556 1476 1611 tramite
1505 1554 1681 1627 pellit,

509 1636 606 1693 1110
637 1638 1033 1707 sinistrorsum,
1067 1637 1157 1692 hic
1185 1636 1537 1693 dextrorsum
1565 1636 1686 1691 abit
1704 1655 1720 1706 3
1762 1653 1907 1691 unus
1933 1636 2156 1707 utrique

510 1736 679 1790 error,
711 1718 810 1775 sed
838 1719 1004 1774 variis
1033 1717 1242 1774 inludit
1268 1717 1523 1789 partibus
1540 1739 1559 1790 3
1599 1717 1702 1773 1100
1730 1723 1787 1772 te

511 1800 674 1856 crede
703 1799 869 1855 modo
896 1800 1169 1871 insanum,
1202 1798 1379 1854 nihilo
1406 1804 1474 1854 ut
1501 1799 1800 1870 sapientior
1828 1796 1935 1869 ille,

511 1882 611 1953 qui
640 1886 698 1937 te
727 1880 957 1948 deridet,
988 1881 1224 1936 caudam
1254 1880 1460 1937 trahat.
1547 1884 1633 1936 est
1660 1896 1833 1950 genus
1862 1896 2035 1935 unum

510 1961 793 2019 stultitiae
822 1962 1061 2019 nihilum
1089 1960 1391 2019 metuenda
1418 1961 1685 2031 timentis,
1716 1965 1783 2015 ut
1810 1960 1980 2031 ignes,

509 2049 578 2099 ut
609 2062 775 2116 rupes
802 2043 1111 2115 fluviosque
1139 2043 1196 2098 in
1229 2060 1423 2114 campo
1452 2042 1672 2099 obstare
1699 2045 1962 2113 queratur
1981 2063 1999 2113 3

510 2125 756 2181 alterum
784 2130 844 2182 et
872 2124 1000 2181 huic
1027 2142 1224 2180 varum
1256 2129 1313 2180 et
1341 2123 1518 2179 nihilo
1546 2123 1851 2195 sapientius
1878 2123 2034 2195 ignes

509 2225 612 2279 per
641 2206 853 2263 medios
880 2206 1187 2277 fluviosque
1217 2206 1468 2276 ruentis3
1512 2204 1711 2261 clamet
1739 2205 1918 2259 amica

510 2292 711 2358 mater,
744 2287 979 2344 honesta
1006 2305 1173 2358 soror,
1208 2305 1334 2342 cum
1364 2287 1613 2357 cognatis
1640 2290 1813 2358 pater,
1848 2303 1983 2340 uxor
2007 2307 2019 2339 :

475 2371 490 2398 ‘
512 2369 604 2425 hic
634 2368 783 2425 fossa
811 2373 897 2424 est
922 2369 1133 2439 ingens,
1165 2367 1259 2423 hic
1287 2385 1453 2438 rupes
1480 2367 1753 2424 maxima:
1798 2384 1954 2422 serva
1976 2369 1989 2423 1
2010 2366 2023 2390 ²

511 2469 627 2506 non
656 2450 836 2522 magis
864 2449 1117 2519 audierit,
1152 2467 1321 2520 quam
1350 2448 1546 2503 Fufius
1575 2447 1756 2504 ebrius
1787 2447 1934 2516 olim,

512 2550 643 2587 cum
673 2530 913 2587 Ilionam
940 2530 1194 2600 edormit,
1232 2529 1481 2586 Catienis
1510 2528 1663 2584 mille
1692 2529 1942 2584 ducentis

475 2615 491 2641 ‘
510 2618 709 2684 mater,
741 2617 801 2668 te
829 2611 1046 2684 appello
1069 2613 1081 2668 1
1101 2611 1114 2636 ²
1144 2609 1531 2667 clamantibus.
1618 2609 1747 2665 huic
1775 2627 1877 2681 ego
1903 2608 2106 2681 vulgus

511 2695 687 2750 errori
713 2692 953 2750 similem
980 2697 1244 2749 cunctum
1274 2692 1516 2747 insanire
1543 2691 1761 2749 docebo,

510 2775 725 2831 insanit
752 2780 968 2831 veteres
994 2779 1213 2830 statuas
1244 2773 1622 2844 Damasippus
1651 2771 1914 2829 emendo:

511 2857 731 2928 integer
757 2860 846 2912 est
872 2855 1078 2911 mentis
1104 2854 1439 2926 Damasippi
1467 2853 1739 2910 creditor?
1780 2858 1915 2909 est0.

476 2938 699 3010 ‘accipe
728 2936 878 3009 quod
904 2953 1209 3007 numquam
1241 2934 1441 2992 reddas
1469 2935 1608 2991 mihi
1625 2935 1639 2960 '
1669 2936 1715 2991 si
1744 2935 1856 2991 tibi
1882 2934 2080 3004 dicam,

512 3023 652 3075 tune
678 3019 908 3074 insanus
934 3017 1043 3074 eris
1070 3017 1119 3072 si
1148 3017 1439 3089 acceperis,
1471 3034 1542 3072 an
1571 3016 1746 3087 magis
1774 3032 1961 3072 excors

510 3101 721 3156 reiecta
745 3099 965 3171 praeda,
993 3115 1165 3170 quam
1192 3116 1452 3170 praesens
1482 3097 1789 3154 Mercurius
1817 3095 1963 3153 fert‘l

509 3181 691 3238 scribe
719 3181 907 3237 decem
933 3199 968 3236 a
995 3179 1172 3237 Nerio
1191 3201 1208 3252 ;
1250 3198 1361 3235 non
1389 3184 1478 3236 est
1505 3180 1645 3235 satis
1668 3201 1679 3235 :
1722 3177 1865 3233 adde
1893 3176 2124 3233 Cicutae

510 3262 710 3319 nodosi
737 3260 959 3318 tabulas
986 3267 1230 3331 centum,
1262 3260 1417 3317 mille
1445 3260 1586 3317 adde
1617 3265 1875 3329 catenas3

510 3343 742 3416 effugiet
770 3347 960 3399 tamen
988 3341 1126 3398 haec
1152 3342 1454 3399 sceleratus
1482 3340 1705 3397 vincula
1733 3340 1981 3396 Proteus.

511 3442 641 3481 cum
670 3424 850 3496 rapies
877 3425 934 3480 in
962 3424 1052 3480 ius
1079 3423 1243 3480 malis
1269 3422 1544 3479 ridentem
1573 3421 1782 3491 alieniS,

510 3505 610 3562 fiet
640 3523 787 3577 aper,
822 3505 983 3561 modo
1011 3505 1150 3572 avis,
1181 3504 1346 3560 modo
1375 3522 1572 3560 saxum
1602 3508 1675 3574 et,
1708 3520 1835 3558 cum
1865 3501 2032 3570 volet,
2065 3500 2239 3557 arbor.

507 3587 556 3642 si
585 3586 735 3643 male
761 3604 878 3642 rem
906 3604 1093 3657 gerere
1121 3587 1303 3642 insani
1330 3591 1434 3657 est,
1468 3590 1661 3641 contra
1687 3583 1829 3640 bene
1857 3583 1992 3652 sani,

506 3668 764 3740 putidius
795 3667 971 3723 multo
1000 3667 1285 3723 cerebrum
1312 3672 1417 3737 est,
1450 3665 1588 3721 mihi
1616 3665 1787 3736 crede,
1825 3664 2026 3721 Perelli

505 3749 794 3818 dictantis,
828 3748 973 3821 quod
1004 3753 1072 3805 tu
1099 3766 1404 3820 numquam
1434 3747 1727 3804 rescribere
1756 3747 1944 3820 possis

2281 285 2369 337 127

2315 441 2370 487 35

2313 849 2372 891 40

2314 1251 2371 1296 45

2317 1659 2375 1704 50

2317 2063 2373 2109 55

2315 3281 2373 3323 70

2313 3683 2371 3729 75
