2792 4334
452 272 513 321 94

1167 266 1224 327 Q.
1264 264 1525 317 HORATI
1563 263 1799 317 FLACCI

1406 504 1584 561 XVII

838 644 977 698 ‘Iam
1004 642 1115 697 iam
1142 639 1344 696 efficaci
1372 638 1443 693 do
1472 656 1667 693 manus
1695 636 1969 705 scientiae,

854 722 1084 795 supplex
1110 726 1166 777 et
1195 738 1288 776 oro
1316 738 1484 790 regna
1511 738 1607 790 per
1636 719 2004 789 Proserpinae,

853 823 950 876 per
978 809 1034 859 et
1062 803 1276 858 Dianae
1304 819 1415 856 non
1444 800 1715 856 movenda
1740 800 1981 869 numina,

855 904 953 958 per
979 889 1145 955 atque
1173 882 1341 938 libros
1370 882 1674 937 carminum
1702 880 2005 936 valentium

855 967 1026 1023 refixa
1053 964 1198 1021 caelo
1227 964 1490 1019 devocare
1517 962 1710 1033 sidera,

859 1047 1104 1117 Canidia,
1136 1064 1298 1119 parce
1324 1044 1553 1101 vocibus
1581 1043 1806 1099 tandem
1833 1042 1998 1097 sacris

858 1130 1134 1199 citumque
1162 1133 1309 1184 retro
1338 1126 1503 1196 solve,
1537 1125 1687 1181 solve
1715 1123 2004 1180 turbinem.

857 1210 1034 1266 movit
1061 1215 1315 1281 nepotem
1346 1207 1619 1279 Telephus
1649 1205 1926 1274 Nereium,

858 1294 915 1347 in
944 1309 1105 1362 quem
1132 1290 1400 1362 superbus
1429 1289 1706 1344 ordinarat
1732 1286 1954 1357 agmina

839 1372 1143 1445 -Mysorum
1170 1376 1228 1427 et
1256 1372 1313 1425 in
1342 1389 1507 1441 quem
1535 1369 1651 1425 tela
1677 1371 1838 1423 acuta
1865 1369 2114 1422 torserat.

858 1471 1061 1510 unxere
1087 1458 1291 1508 matres
1319 1451 1460 1507 Iliae
1487 1450 1767 1506 addictum
1796 1448 1927 1504 feris

861 1535 1086 1591 alitibus
1114 1538 1280 1604 atque
1309 1532 1535 1588 canibus
1564 1530 1892 1586 homicidam
1924 1529 2234 1598 Hectorem,

861 1621 1151 1688 postquam
1179 1614 1385 1670 relictis
1417 1612 1702 1668 moenibus
1729 1628 1824 1667 rex
1850 1609 2084 1682 procidit

862 1698 973 1754 heu
996 1696 1291 1769 pervicacis
1318 1694 1387 1750 ad
1418 1694 1582 1766 pedes
1610 1691 1860 1749 Achillei.

863 1784 1076 1835 saetosa
1102 1777 1254 1832 duris
1281 1794 1476 1832 exuere
1503 1773 1739 1847 pellibus

863 1860 1118 1917 laboriosi
1145 1858 1376 1929 remiges
1407 1856 1597 1911 Ulixei

864 1941 1082 1998 volente
1111 1939 1271 1996 Circa
1298 1939 1580 2008 membra3
1624 1941 1756 1992 tunc
1783 1952 1939 1991 mens
1967 1939 2022 1990 et
2050 1951 2216 1989 sonus

864 2023 1107 2094 relapsus
1134 2026 1300 2091 atque
1327 2023 1494 2075 notus
1522 2019 1581 2073 in
1609 2016 1797 2074 vultus
1825 2017 2011 2072 honor.

867 2103 996 2160 dedi
1021 2104 1156 2159 satis
1184 2120 1455 2173 superque
1483 2117 1777 2172 poenarum
1806 2097 1927 2166 tibi,

867 2190 1054 2240 amata
1078 2185 1264 2239 nautis
1292 2182 1533 2239 multum
1562 2186 1619 2237 et
1646 2178 2006 2235 institoribus.

866 2267 1011 2337 fugit
1038 2266 1305 2335 iuventas,
1338 2268 1394 2320 et
1425 2261 1759 2319 verecundus
1788 2259 1932 2315 color

867 2347 1090 2419 reliquit
1118 2365 1238 2402 ossa
1265 2345 1408 2417 pelle
1436 2345 1639 2399 amicta
1665 2342 1843 2398 lurida
1863 2363 1879 2414 3

869 2430 982 2485 tuis
1011 2427 1240 2500 capillus
1267 2427 1427 2482 albus
1457 2430 1539 2481 est
1568 2424 1822 2480 odoribus
1843 2445 1859 2495 3

870 2509 1081 2566 nullum
1109 2509 1182 2565 ab
1208 2508 1391 2564 labore
1415 2526 1503 2563 me
1531 2506 1759 2562 reclinat
1789 2504 1963 2560 otium
1982 2523 1998 2574 3

869 2596 1067 2662 urguet
1095 2590 1241 2645 diem
1267 2608 1378 2645 nox
1407 2594 1464 2645 et
1493 2589 1609 2644 dies
1638 2593 1868 2655 noctem,
1901 2602 2074 2655 neque
2103 2587 2189 2639 est

870 2673 1050 2728 levare
1077 2665 1235 2728 tenta
1263 2671 1463 2741 spiritu
1490 2668 1815 2741 praecordia..

871 2771 997 2825 ergo
1025 2757 1287 2825 negatum
1312 2752 1502 2806 vincor
1530 2755 1596 2806 ut
1623 2750 1836 2806 credam
1865 2748 2029 2804 miser

874 2834 1093 2891 Sabella
1117 2838 1310 2906 pectus
1338 2832 1617 2903 increpare
1646 2831 1885 2887 carmina

874 2920 1143 2988 caputque
1172 2914 1360 2969 Marsa
1389 2913 1623 2968 dissilire
1651 2913 1825 2968 nenia.

874 2997 1006 3070 quid
1035 2996 1269 3067 amplius
1296 2995 1382 3050 vis
1406 2995 1426 3050 2
1507 3013 1539 3050 o
1566 3012 1714 3050 mare
1743 2999 1798 3049 et
1827 2998 1985 3062 terra,
2018 2990 2180 3047 ardeo

876 3082 1142 3151 quantum
1170 3095 1345 3148 neque
1374 3081 1496 3131 atro
1524 3075 1803 3131 delibutus
1833 3072 2098 3129 Hercules

876 3160 1040 3216 Nessi
1068 3177 1270 3228 cruore,
1302 3175 1401 3212 nec
1432 3157 1630 3213 Sicana
1658 3155 1869 3211 fervida

876 3242 1057 3297 virens
1083 3242 1139 3295 in
1168 3240 1352 3295 Aetna
1378 3239 1616 3295 flamma.
1703 3242 1782 3307 tu,
1814 3236 1983 3292 donec
2009 3234 2144 3290 cinis

877 3323 1148 3378 iniuriosis
1176 3320 1359 3376 aridus
1386 3320 1570 3375 ventis
1598 3319 1754 3386 ferar,

878 3404 1022 3460 cales
1049 3403 1271 3459 venenis
1300 3401 1513 3456 officina
1542 3399 1825 3456 Colchicis.

879 3503 1020 3557 quae
1046 3484 1170 3540 finis
1200 3487 1297 3539 aut
1323 3481 1471 3554 quod
1496 3499 1587 3536 me
1613 3485 1799 3536 manet
1827 3478 2201 3550 stipendium?

881 3566 1076 3623 effare:
1117 3566 1293 3620 iussas
1321 3581 1447 3619 cum
1473 3562 1581 3617 fide
1608 3579 1809 3633 poenas
1835 3559 2001 3630 luam,

882 3652 1105 3718 paratus
1132 3648 1365 3718 expiare,
1401 3661 1496 3700 seu
1523 3644 1829 3715 poposceris

885 3734 1103 3784 centum
1131 3730 1401 3797 iuvencos,
1437 3726 1550 3781 sive
1579 3724 1826 3780 mendaci
1852 3723 1973 3794 lyra

2487 1386 2540 1415 10

2491 1790 2542 1834 15

2490 2199 2547 2228 20

2492 2604 2547 2648 25

2495 3015 2552 3059 30

2500 3418 2556 3464 35
