2792 4334
956 305 1338 356 CARMINUM
1376 307 1506 356 LIB.
1545 306 1568 356 I

702 458 734 496 o
761 439 926 496 decus
953 438 1167 496 Phoebi
1195 445 1254 497 et
1280 440 1517 512 dapibus
1545 439 1787 511 supremi

701 526 861 592 grata
888 521 1113 577 testudo
1142 521 1310 590 Iovis,
1341 540 1374 578 ο
1403 522 1657 578 laborum

700 602 859 658 dulce
886 602 1142 673 lenimen,
1176 603 1315 659 mihi
1343 621 1756 680 cumque-
1607 601 1760 658 salve

861 684 968 740 rite
995 662 1294 741 vocanti.

1130 892 1405 949 XXXIII

702 999 851 1070 Albi,
882 1017 951 1055 ne
980 999 1167 1055 doleas
1194 999 1319 1071 plus
1348 1000 1520 1055 nimio
1545 1015 1755 1054 memor

701 1080 914 1136 inmitis
943 1079 1224 1153 Glycerae,
1259 1099 1367 1137 neu
1396 1080 1734 1137 miserabiles

702 1161 960 1218 decantes
989 1161 1186 1234 elegw,
1219 1180 1316 1218 cur
1344 1162 1453 1218 tibi
1480 1162 1662 1217 iunior

780 1243 930 1299 laesa
956 1243 1267 1315 praeniteat
1294 1243 1422 1313 fide,

702 1324 974 1395 insignem
1002 1325 1158 1381 tenui
1186 1324 1368 1380 fronte
1397 1322 1672 1394 Lycorida

703 1405 835 1479 Cyri
863 1410 1038 1462 torret
1066 1423 1234 1475 amor,
1272 1404 1453 1478 Cyrus
1480 1406 1538 1461 in
1565 1422 1817 1477 asperam

701 1487 943 1544 declinat
973 1486 1217 1542 Pholoen
1245 1508 1257 1544 ε
1286 1487 1383 1543 sed
1413 1487 1564 1558 prius
1591 1485 1791 1556 Apulis

780 1568 1079 1639 iungentur
1106 1586 1332 1640 capreae
1361 1569 1527 1640 lupiS‚

702 1667 868 1722 quam
896 1650 1049 1722 turpi
1078 1649 1285 1706 Pholoe
1313 1654 1504 1721 peccet
1530 1649 1797 1706 adultero,

701 1732 780 1787 sic
804 1732 989 1787 visum
1018 1730 1238 1802 Veneri,
1274 1731 1360 1786 cui
1390 1730 1571 1802 placet
1600 1731 1819 1801 inpares

702 1813 907 1869 formas
934 1817 1102 1884 atque
1130 1812 1344 1868 animos
1374 1811 1482 1868 sub
1507 1812 1637 1883 iuga
1665 1828 1836 1867 aenea

782 1912 944 1951 saevo
973 1894 1196 1950 mittere
1226 1911 1351 1949 cum
1381 1894 1514 1950 ioco,

700 1976 881 2049 ipsum
910 1994 996 2032 me
1025 1974 1218 2031 melior
1247 1993 1370 2031 cum
1401 1978 1615 2046 peteret
1645 1974 1853 2046 Venus

702 2062 863 2129 grata
888 2057 1132 2114 detinuit
1161 2056 1422 2128 compede
1450 2054 1695 2126 Myrtale

700 2138 976 2209 libertina,
1008 2138 1167 2194 fretis
1196 2138 1370 2194 acrior
1401 2138 1650 2194 Hadriae

783 2220 1068 2276 curvantis
1097 2218 1362 2276 Calabros
1392 2220 1558 2277 sinus,

1139 2428 1404 2484 XXXIV

706 2535 910 2592 Parcus
913 2535 1166 2754 §eorum
1195 2534 1372 2591 cultor
1402 2538 1460 2590 et
1487 2533 1805 2605 infrequens

704 2618 914 2673 insanie
982 2618 1030 2673 is
1059 2616 1193 2691 Q
1220 2635 1248 2673 s
1321 2616 1526 2672 ientiae

785 2703 1068 2776 Q
1096 2634 1413 2775 fflunc
1442 2701 1741 2753 retrorsum

862 2779 987 2837 vela
1013 2779 1145 2835 dare
1173 2784 1337 2851 atque
1367 2780 1567 2835 iterare
1596 2796 1787 2834 cursus

705 2879 866 2934 cogor
892 2860 1146 2918 relictos:
1189 2878 1429 2932 namque
1457 2859 1755 2931 Diespiter,

703 2930 1566 3015 ignicomiscomihiladizidens

788 3024 842 3095 pl
845 3042 1122 3098 eramque,
1153 3041 1253 3098 per
1281 3041 1485 3101 purum
1513 3027 1772 3078 tonantes

864 3106 981 3177 egit
1008 3123 1176 3177 equos
1205 3103 1593 3175 volucremque
1622 3121 1859 3172 currum,

704 3204 813 3259 quo
839 3186 1008 3243 bruta
1034 3185 1203 3243 tellus
1233 3190 1289 3242 et
1316 3204 1462 3257 vaga
1488 3184 1733 3254 flumina,

703 3286 813 3341 quo
841 3268 986 3341 Styx
1012 3273 1070 3325 et
1097 3268 1262 3323 invisi
1290 3266 1516 3323 horrida
1543 3266 1789 3351 Q

784 3350 941 3407 sedes
968 3348 1531 3421 ammam

865 3431 1195 3488 concutitur.
1280 3429 1835 3500 ‘'Qum-§ulmus

704 3518 922 3570 mutare
947 3513 1050 3569 et

705 3595 935 3651 obscura
960 3611 1252 3667 promens3
1290 3592 1425 3648 hinc
1451 3610 1485 3647 a
1521 3608 1602 3647 1ce
1689 3610 1863 3664 rapax

788 3676 1036 3732 Fortuna
1063 3693 1188 3731 cum
1215 3673 1452 3730 stridore
1480 3678 1644 3729 acuto

865 3757 1113 3832 sustulit,
1143 3756 1235 3812 hic
1261 3773 1508 3834 &nasse
1533 3755 1754 3827 gaudet.

2252 311 2313 360 21

2264 627 2318 672 15

2265 1752 2322 1785 10

2273 2163 2326 2209 Ῑ5

2262 3290 2320 3320 10
