2792 4334
996 298 1381 355 CARMINUM
1417 307 1547 356 LIB.
1587 307 1666 356 III

675 448 880 503 narras,
914 438 970 490 et
995 452 1171 506 genus
1199 438 1386 512 Aeaci,

755 517 814 569 et
841 522 1089 586 pugnata
1116 537 1271 576 sacro
1300 522 1449 579 bella
1476 523 1582 580 sub
1610 523 1716 579 Ilio
1739 547 1749 582 :

673 611 783 665 quo
812 594 1016 652 Chium
1046 602 1224 671 pretio
1255 603 1452 660 cadum

752 692 1073 750 mercemur,
1107 684 1230 753 quis
1259 703 1460 756 aquam
1492 693 1761 758 temperet
1789 689 2027 763 ignibus,

671 774 781 829 quo
807 760 1110 830 praebente
1139 763 1366 822 domum
1395 773 1453 824 et
1482 774 1651 840 quota

752 838 1032 913 Paelignis
1063 863 1277 903 caream
1307 849 1619 922 frigoribus,
1653 856 1818 909 taces.

669 918 742 975 da
766 920 932 979 lunae
959 942 1188 997 propere
1216 947 1408 1001 novae,

749 1001 823 1058 da
850 1007 1030 1062 noetis
1057 1008 1288 1079 mediae,
1319 1010 1406 1080 da,
1440 1030 1591 1084 puer,
1625 1014 1849 1085 auguris

669 1081 969 1144 Murenae:
1014 1088 1194 1146 tribus
1224 1096 1324 1147 aut
1354 1110 1551 1150 novem

746 1166 1052 1224 miscentur
1079 1170 1296 1240 cyathis
1324 1175 1523 1245 pocula
1552 1176 1867 1233 commodis.

668 1245 765 1317 qui
793 1246 987 1304 Musas
1014 1256 1168 1308 amat
1196 1253 1432 1326 inpares,

745 1331 933 1385 ternos
961 1334 1049 1387 ter
1077 1334 1303 1403 cyathos
1333 1337 1609 1393 attonitus
1635 1343 1789 1409 petet

667 1412 824 1465 vates
845 1431 861 1482 3
902 1415 1016 1468 tres
1043 1414 1299 1485 prohibet
1328 1435 1497 1490 supra

744 1491 989 1548 rixarum
1018 1500 1271 1553 metuens
1301 1502 1529 1570 tangere
1558 1499 1755 1558 Gratia
1787 1518 1816 1542 ν·

664 1571 829 1627 nudis
856 1573 1045 1631 iuncta
1073 1578 1366 1637 sororibus,

743 1653 982 1712 insanire
1010 1657 1205 1716 iuvat:
1249 1678 1345 1716 cur
1374 1661 1732 1733 Berecyntiae

662 1741 879 1792 cessant
906 1736 1133 1795 flamina
1162 1741 1372 1800 tibiae?

740 1834 839 1872 cur
865 1818 1071 1890 pendet
1099 1823 1274 1879 tacita
1300 1824 1494 1881 fistula
1523 1843 1647 1882 cum
1675 1826 1837 1899 lyra?

659 1903 947 1968 parcentes
975 1919 1077 1972 ego
1107 1903 1362 1961 dexteras

741 1979 868 2038 odi:
909 1999 1105 2054 sparge
1136 2002 1284 2041 rosas
1305 2008 1322 2059 3
1366 1987 1559 2044 audiat
1586 1989 1809 2046 invidus

567 2048 570 2052 ’
659 2057 972 2118 dementem
1000 2066 1300 2137 strepitum
1329 2068 1528 2140 Lycus,

738 2146 796 2198 et
823 2142 1007 2200 vicina
1034 2148 1153 2202 seni
1181 2165 1291 2203 non
1321 2148 1524 2207 habilis
1553 2151 1716 2222 Lyco.

656 2222 833 2293 spissa
862 2228 918 2281 te
945 2225 1189 2288 nitidum
1217 2247 1390 2300 coma,

735 2320 874 2375 puro
902 2310 958 2363 te
987 2308 1243 2382 similem,
1278 2311 1535 2385 Telephe,
1568 2313 1813 2387 Vespero

654 2387 990 2458 tempestiva
1017 2391 1161 2460 petit
1192 2391 1391 2449 Rhode
1415 2414 1427 2450 :

732 2484 823 2524 me
850 2467 1035 2525 lentus
1065 2469 1333 2544 Glycerae
1363 2479 1540 2532 torret
1567 2495 1719 2533 amor
1744 2497 1915 2537 meae.

1236 2732 1353 2790 XX

729 2859 789 2916 Ν
792 2878 863 2915 011
892 2861 1061 2933 vides,
1096 2871 1305 2935 quanto
1334 2885 1558 2925 moveas
1587 2872 1803 2944 peric10,

729 2939 955 3014 Pyrrhe,
990 2943 1262 3003 Gaetulae
1291 2949 1505 3006 catulos
1533 2951 1791 3012 leaenae?

727 3021 870 3079 dura
894 3030 1021 3095 post
1047 3027 1213 3098 paulo
1242 3028 1423 3101 fugies
1449 3031 1693 3090 inaudax

808 3105 1015 3175 proelia
1043 3112 1246 3181 raptor,

725 3202 855 3241 cum
881 3204 977 3258 per
1004 3187 1293 3247 obstantes
1323 3192 1589 3251 iuvenum
1617 3203 1869 3255 catervas

722 3265 832 3323 ibit
860 3267 1130 3341 insignem
1158 3277 1416 3344 repetens
1445 3275 1779 3350 Nearchum,

720 3347 929 3419 grande
957 3356 1253 3424 certamen,
1287 3354 1397 3411 tibi
1427 3359 1631 3427 praeda
1657 3361 1820 3417 cedat

801 3431 979 3487 maior
1005 3450 1079 3488 an
1106 3433 1206 3491 illi.

720 3510 962 3584 interim,
995 3513 1131 3570 dum
1161 3520 1227 3572 tu
1254 3515 1457 3574 celeres
1484 3522 1720 3593 sagittas

719 3594 940 3665 promiS,
973 3593 1110 3652 haec
1138 3596 1334 3654 dentes
1362 3601 1515 3656 acuit
1543 3604 1836 3677 timendOS‚

719 3672 929 3731 arbiter
954 3693 1172 3748 pugnae
1200 3680 1448 3749 posuisse
1476 3685 1624 3741 nudo

799 3755 907 3812 sub
933 3757 1074 3828 pede
1100 3759 1345 3830 palmam

2305 317 2370 372 57

2311 1046 2366 1076 10

2308 1448 2360 1494 15

2300 1856 2357 1887 20

2286 3634 2339 3664 10
