2792 4334
450 275 513 323 32

1179 276 1238 336 Q.
1276 275 1537 327 HORATI
1574 275 1811 327 FLACOI

1017 412 1255 486 pellente
1285 413 1517 471 lascivos
1546 432 1757 471 amores

1093 496 1296 552 canitie
1325 495 1647 568 facilemque
1675 515 1944 555 somnum.

933 596 1043 633 non
1071 595 1286 649 semper
1315 577 1462 633 idem
1489 577 1714 634 floribus
1743 584 1827 635 est
1855 579 2030 635 honor

932 660 1115 716 vernis
1145 677 1321 731 neque
1353 676 1462 714 uno
1488 657 1622 715 luna
1649 660 1849 716 rubens
1878 661 2024 717 nitet

1013 740 1209 797 vultu:
1253 739 1389 811 quid
1419 741 1657 796 aeternis
1685 741 1950 797 minorem

1092 822 1334 878 consiliis
1363 822 1610 877 animum
1637 822 1876 894 fatigas‘l

934 922 1030 960 cur
1058 921 1166 959 non
1195 903 1299 959 sub
1327 901 1445 958 alta
1473 902 1562 958 vel
1590 902 1815 974 platano
1842 903 1930 958 vel
1960 902 2062 958 hac

934 987 1067 1056 pinu
1093 986 1333 1041 iacentes
1362 984 1442 1039 sic
1471 989 1674 1040 temere
1701 989 1759 1040 et
1786 1001 1908 1040 rosa

1014 1084 1175 1122 canos
1204 1066 1418 1122 odorati
1450 1065 1689 1136 capillos,

1090 1147 1225 1203 dum
1253 1147 1398 1218 licet,
1436 1147 1768 1218 Assyriaque
1795 1146 1967 1203 nardo

933 1232 1187 1300 potamus
1218 1229 1416 1284 uncti?
1498 1227 1731 1299 dissipat
1762 1228 1974 1283 Euhius

934 1327 1088 1366 curas
1115 1309 1323 1366 edaceS.
1415 1309 1535 1380 quis
1564 1327 1698 1380 puer
1726 1310 1873 1365 ocius

1015 1391 1319 1462 restinguet
1349 1389 1595 1446 ardentis
1626 1390 1843 1446 Falerni

1091 1471 1286 1543 pocula
1314 1475 1697 1543 praetereunte
1725 1470 1991 1544 lympha‘l

933 1554 1058 1624 quis
1085 1553 1308 1609 devium
1338 1557 1581 1608 scortum
1610 1551 1792 1608 eliciet
1821 1552 1984 1608 domo

935 1634 1169 1704 Lyden?
1253 1633 1477 1702 eburna,
1511 1632 1598 1688 dic
1626 1650 1741 1704 age,
1776 1652 1898 1688 cum
1927 1633 2049 1703 lyra

1015 1719 1270 1786 maturet,
1304 1716 1362 1770 in
1392 1719 1672 1786 comptum
1701 1714 1981 1770 Lacaenae

1091 1814 1241 1852 more
1270 1814 1451 1852 comas
1479 1794 1712 1867 religata
1740 1796 1958 1853 nodum.

1432 2056 1554 2111 XII

937 2189 1094 2246 Nolis
1123 2189 1288 2260 longa
1315 2190 1460 2245 ferae
1490 2189 1634 2246 bella
1661 2189 2017 2261 Numantiae,

933 2289 1034 2327 nec
1062 2271 1244 2326 dirum
1275 2270 1647 2327 Hannibalem
1676 2289 1774 2327 nec
1805 2270 2049 2342 Siculum
2076 2288 2228 2327 mare

934 2352 1116 2408 Poeno
1144 2369 1479 2423 purpureum
1507 2353 1774 2424 sanguine
1798 2351 2056 2408 mollibus

1013 2434 1193 2505 aptari
1222 2433 1465 2490 citharae
1494 2434 1686 2505 modiS,

932 2533 1032 2571 nec
1058 2532 1249 2571 saevos
1277 2515 1549 2586 Lapithas
1579 2520 1634 2571 et
1663 2515 1892 2571 nimium
1923 2533 2070 2570 mero

937 2595 1214 2668 Hylaeum
1245 2596 1589 2668 domitosque
1619 2596 1890 2652 Herculea
1918 2614 2084 2652 manu

934 2677 1169 2733 Telluris
1196 2678 1438 2749 iuveneS,
1471 2678 1617 2734 unde
1644 2678 1944 2750 periculum

1013 2757 1228 2830 fulgens
1259 2760 1593 2815 contremuit
1621 2759 1815 2815 domus

934 2839 1159 2896 Saturni
1186 2840 1389 2896 veteris
1414 2861 1426 2897 ε
1470 2844 1641 2911 tuque
1671 2839 2018 2912 pedestribus

932 2920 1078 2977 dices
1107 2921 1351 2976 historiis
1379 2920 1588 2992 proelia
1617 2921 1880 2991 Caesaris,

932 3003 1238 3072 Maecenas,
1271 3001 1468 3058 melius
1498 3002 1772 3074 ductaque
1799 3020 1894 3073 per
1922 3003 2042 3058 vias

1013 3101 1201 3155 regum
1229 3082 1367 3139 00113
1394 3083 1702 3139 minacium.

932 3183 1022 3221 me
1047 3164 1232 3221 dulces
1260 3164 1512 3220 dominae
1539 3164 1706 3220 Musa
1733 3164 2050 3237 Licymniae

932 3251 1139 3317 cantus,
1174 3264 1261 3302 me
1289 3245 1467 3302 voluit
1496 3245 1674 3302 dicere
1699 3244 1943 3301 lucidum

932 3327 1209 3398 fulgentes
1238 3327 1421 3383 oculos
1450 3330 1507 3382 et
1532 3326 1672 3383 bene
1698 3327 1907 3383 mutuis

1013 3408 1184 3464 fidum
1211 3412 1402 3481 pectus
1431 3407 1721 3478 amoribus,

932 3508 1098 3561 quam
1124 3508 1224 3546 nec
1251 3490 1390 3545 ferre
1420 3487 1614 3560 pedem
1643 3487 1894 3544 dedecuit
1924 3486 2101 3544 choris

932 3588 1033 3627 nec
1060 3576 1264 3628 certare
1291 3572 1408 3626 ioco
1436 3588 1531 3626 nec
1560 3569 1689 3626 dare
1715 3568 1970 3625 bracchia

932 3651 1215 3708 ludentem
1244 3652 1437 3708 nitidis
1463 3651 1769 3722 virginibus
1797 3668 1950 3706 sacro

1015 3733 1225 3790 Dianae
1255 3733 1480 3789 celebris
1507 3732 1610 3789 die.
1641 3743 1644 3745 “

2484 681 2538 710 10

2478 1494 2536 1524 20

2477 2944 2534 2976 10

2476 3348 2530 3395 15
