2792 4334
966 306 1359 361 SERMONUM
1396 311 1526 361 LIB.
1567 311 1637 361 ΙΙ.
1675 314 1704 360 5

431 453 641 509 magna
667 439 916 496 minorve
944 440 1059 497 foro
1086 443 1137 498 si
1163 461 1251 500 res
1278 444 1582 502 certabitur
1609 444 1754 515 olim,

431 519 587 576 vivet
620 524 749 576 uter
772 520 1017 593 locuples
1045 523 1168 580 sine
1194 527 1359 597 natiS,
1393 526 1673 600 inprobae,
1706 526 1857 582 ultro

431 600 528 671 qui
557 599 845 658 meliorem
874 603 1057 659 audax
1083 612 1246 663 vocet
1271 608 1332 663 in
1360 609 1465 679 ius,
1497 608 1646 664 illius
1660 612 1792 664 »esto

430 681 728 754 defensor3
767 684 919 740 fama
946 685 1122 743 civem
1153 705 1425 761 causaque
1455 691 1688 762 priorem

429 779 645 834 sperne,
680 763 829 820 domi
855 766 905 820 si
931 771 1100 823 natus
1128 769 1236 824 erit
1265 770 1570 826 fecundave
1599 771 1849 827 coniunX.

373 847 406 874 “
432 842 698 915 Quinte,''
726 849 878 917 puta,
908 852 1006 902 aut
1040 850 1076 877 “
1095 850 1265 906 Publi
1284 851 1644 923 ''-—gaudent
1672 854 2022 924 praenomine
2049 857 2243 914 molles

429 924 832 981 auriculae—“
849 928 957 984 tibi
983 946 1072 986 me
1101 931 1284 987 virtus
1313 936 1415 988 tua
1441 932 1572 990 fecit
1600 934 1838 990 amicum
1858 953 1875 1006 3

427 1006 516 1061 ius
544 1023 748 1078 anceps
774 1008 922 1079 novi,
956 1027 1148 1067 causas
1179 1012 1474 1070 defendere
1501 1032 1758 1087 possum3

427 1087 631 1158 eripiet
659 1088 841 1159 quivis
870 1090 1055 1148 oculos
1084 1093 1252 1149 eitius
1280 1094 1422 1150 mihi
1449 1113 1618 1168 quam
1646 1102 1703 1153 te

427 1172 815 1240 contemptum
843 1188 999 1252 cassa
1025 1191 1165 1230 nuce
1197 1179 1256 1231 te
1286 1182 1590 1248 pauperet:
1634 1179 1767 1235 haec
1794 1197 1921 1237 mea
1945 1199 2078 1239 cura
2105 1188 2205 1254 est,

426 1266 497 1304 ne
524 1247 667 1321 quid
695 1254 759 1306 tu
785 1252 983 1323 perdas
1010 1272 1121 1311 neu
1151 1256 1228 1311 sis
1259 1256 1465 1314 iocus.''
1548 1260 1628 1316 ire
1655 1260 1881 1317 domum
1909 1266 2077 1334 atque

424 1329 748 1414 pelliculam
775 1350 966 1390 curare
992 1335 1122 1392 iube
1145 1358 1163 1409 3
1202 1337 1245 1392 fi
1270 1339 1522 1410 cognitor
1540 1341 1693 1415 ipse;

423 1415 621 1481 persta
647 1417 815 1484 atque
843 1414 1070 1488 obdura,
1105 1435 1206 1474 seu
1236 1419 1404 1476 rubra
1434 1420 1700 1479 Canicula
1726 1423 1902 1480 findet

425 1490 674 1549 infantes
701 1500 934 1566 statuas,
967 1515 1065 1553 seu
1098 1500 1293 1571 pingui
1321 1505 1514 1558 tentus
1543 1521 1729 1560 omaso

425 1571 633 1629 Furius
661 1574 919 1633 hibernas
948 1596 1085 1635 cana
1116 1581 1245 1637 nive
1274 1588 1541 1655 conspuet
1567 1583 1753 1657 Alpes,

367 1657 400 1684 “
423 1671 606 1711 nonne
639 1655 846 1726 vides‚'·'
876 1659 1075 1731 aliquis
1112 1662 1303 1719 cubito
1331 1669 1578 1722 stantem
1605 1684 1771 1738 prope
1800 1672 2035 1739 tangens

422 1734 658 1808 inquiet,
697 1739 731 1767 “
747 1744 813 1794 ut
839 1740 1077 1814 patiens,
1114 1748 1181 1799 ut
1212 1745 1405 1801 amicis
1427 1751 1609 1818 aptus,
1641 1752 1707 1803 ut
1734 1766 1858 1804 acer
1875 1750 1895 1806 2
1911 1750 1938 1775 '²

420 1815 608 1887 plures
640 1818 931 1887 adnabunt
961 1822 1168 1879 thunni
1200 1830 1258 1881 et
1287 1828 1494 1883 cetaria
1520 1834 1776 1886 crescent.

420 1897 468 1952 si
498 1899 587 1954 cui
619 1906 906 1970 praeterea
934 1903 1156 1961 validus
1186 1906 1332 1962 male
1359 1907 1512 1964 filius
1539 1910 1598 1972 in
1627 1928 1685 1966 re

418 1980 705 2050 praeclara
731 1983 986 2040 sublatus
1016 1985 1217 2056 aletur,
1247 2006 1316 2044 ne
1343 1990 1700 2047 manifestum

425 2060 658 2117 caelibis
686 2063 1009 2136 obsequium
1041 2068 1220 2124 nudet
1249 2073 1320 2140 te,
1351 2069 1554 2127 leniter
1580 2073 1638 2128 in
1668 2090 1817 2145 spem

422 2140 631 2214 adrepe
660 2144 945 2218 officiosus,
979 2153 1043 2204 ut
1074 2153 1134 2205 et
1164 2150 1405 2208 scribare
1432 2153 1703 2210 secundus
1745 2185 1749 2189 -

422 2222 580 2280 heres
610 2229 688 2296 et,
720 2226 767 2281 si
795 2228 921 2298 quis
950 2246 1110 2285 casus
1139 2248 1374 2302 puerum
1404 2236 1579 2304 egerit
1607 2235 1762 2306 Orco,

419 2304 479 2359 in
507 2322 752 2362 vacuum
780 2309 970 2365 venias
990 2330 1006 2381 3
1051 2329 1275 2382 perraro
1304 2313 1442 2370 haec
1469 2314 1590 2372 alea
1617 2316 1776 2374 fallit.

422 2386 517 2456 qui
546 2390 956 2445 testamentum
985 2391 1173 2449 tradet
1206 2394 1311 2450 tibi
1338 2413 1574 2467 eumque
1601 2396 1912 2469 legendum,

419 2465 666 2525 abnuere
693 2474 751 2525 et
778 2470 999 2528 tabulas
1027 2491 1061 2528 a
1090 2478 1147 2529 te
1178 2493 1459 2533 removere
1488 2484 1777 2548 memento,

391 2587 393 2590 ψ
417 2547 499 2604 sie
526 2553 737 2618 tamen,
768 2556 836 2607 ut
863 2552 1011 2609 limis
1040 2556 1240 2626 rapias,
1279 2557 1415 2628 quid
1442 2559 1624 2630 prima
1651 2560 1890 2617 secundo

419 2645 542 2685 cera
568 2630 716 2686 velit
740 2649 941 2705 versu3
984 2634 1134 2691 solus
1165 2637 1431 2695 multisne
1460 2640 1696 2711 coheres,

418 2709 593 2766 veloci
624 2729 879 2783 percurre
905 2715 1077 2774 oculo,
1169 2717 1496 2792 plerumque
1522 2727 1766 2779 recoctus

417 2792 597 2848 scriba
629 2811 700 2849 ex
726 2794 1092 2867 quinqueviro
1123 2816 1346 2855 corvum
1377 2801 1606 2859 deludet
1634 2804 1896 2877 hiantem,

417 2877 781 2947 captatorque
810 2876 970 2933 dabit
996 2879 1140 2935 risus
1173 2880 1380 2938 Nasica
1410 2882 1662 2941 Corano?

376 2956 392 2983 ‘
413 2969 550 3008 num
577 2954 761 3012 furis?
841 2975 914 3013 an
942 2960 1186 3030 prudens
1216 2962 1363 3019 ludis
1392 2982 1483 3021 me
1511 2965 1739 3022 obscura
1765 2968 2009 3025 canendo
2032 2968 2079 3025 ‘l'

378 3035 394 3061 ‘
415 3050 447 3088 o
477 3033 792 3109 Laertiade,
826 3039 1100 3111 quidquid
1131 3042 1325 3115 dicam,
1360 3050 1462 3101 aut
1480 3047 1596 3102 'erit
1624 3053 1722 3103 aut
1748 3067 1861 3104 non
1883 3071 1894 3105 :
1904 3102 1944 3144 L

375 3164 377 3166 .
413 3114 670 3173 divinare
698 3119 906 3176 etenim
932 3138 1171 3194 magnus
1200 3125 1341 3180 mihi
1370 3126 1546 3182 donat
1575 3126 1808 3200 Apollo.²
1854 3136 1860 3140 ’

377 3199 391 3225 ‘
413 3196 551 3268 quid
578 3202 770 3266 tamen
799 3200 912 3262 ista
938 3203 1077 3260 velit
1108 3204 1218 3260 sibi
1246 3205 1454 3278 fabula,
1489 3209 1537 3263 si
1566 3208 1712 3281 licet,
1744 3210 1882 3267 ede.'

376 3278 389 3304 ‘
411 3281 680 3350 tempore,
713 3298 823 3352 quo
849 3282 1066 3340 iuvenis
1097 3284 1326 3343 Parthis
1353 3287 1677 3361 horrendus,
1708 3291 1778 3347 ab
1805 3292 1923 3348 alto

412 3357 722 3416 demissum
748 3380 923 3433 genus
953 3364 1156 3437 Aenea,
1191 3367 1389 3425 tellure
1418 3371 1668 3442 marique

406 3456 649 3511 magnus
676 3443 799 3513 erit,
833 3445 966 3501 forti
992 3446 1169 3503 nubet
1194 3466 1420 3520 procera
1451 3450 1666 3509 Corano

403 3519 524 3576 filia
551 3521 809 3595 Nasicae,
840 3529 1142 3584 metuentis
1169 3529 1396 3587 reddere
1423 3532 1656 3590 soldum.

404 3605 529 3657 tum
556 3620 731 3674 gener
755 3604 859 3661 hoc
884 3607 1086 3667 faciet:
1131 3610 1352 3667 tabulas
1380 3630 1568 3670 socero
1595 3614 1752 3671 dabit
1778 3620 1946 3689 atque

402 3687 471 3738 ut
499 3682 655 3756 legat
685 3685 901 3756 orabit3
942 3690 1184 3746 multum
1215 3692 1423 3750 Nasica
1451 3700 1679 3766 negatas

403 3765 645 3838 accipiet
674 3767 904 3825 tandem
932 3775 991 3826 et
1018 3773 1225 3829 tacitus
1252 3774 1401 3847 leget
1429 3776 1780 3850 invenietque

2288 318 2380 370 137

2322 722 2383 767 30

2322 1124 2380 1173 35

2320 1533 2380 1575 40

2318 1936 2377 1983 45

2315 2343 2377 2389 50

2314 2748 2373 2795 55
