2792 4334
994 294 1375 352 CARMINUM
1412 293 1540 343 LIB.
1583 293 1608 340 I
2290 293 2355 341 23

1171 505 1434 562 XXXVI

658 627 734 683 Et
764 630 887 682 ture
916 630 974 681 et
1004 625 1207 681 fidibus
1234 626 1393 681 iuvat

738 707 952 779 placare
982 711 1041 763 et
1068 706 1237 762 vituli
1266 707 1530 777 sanguine
1557 702 1744 760 debito

658 788 911 845 custodes
942 787 1224 844 Numidae
1252 787 1398 859 deos,

738 870 835 941 qui
861 887 1007 925 nunc
1037 869 1310 941 Hesperia
1337 885 1523 940 sospes
1551 866 1621 922 ab
1650 864 1850 920 ultima

659 952 799 1007 caris
827 950 1007 1006 multa
1035 949 1331 1021 sodalibuS,
2328 965 2358 1012 5

739 1031 879 1087 nulli
906 1031 1070 1103 plura
1095 1036 1283 1087 tamen
1312 1029 1516 1086 dividit
1544 1026 1730 1084 oscula

657 1132 827 1185 quam
854 1111 1005 1179 dulci
1035 1113 1277 1182 Lamiae,
1310 1119 1526 1166 memor

739 1199 895 1250 actae
921 1211 1034 1249 non
1064 1193 1173 1249 alio
1200 1210 1326 1263 rege
1354 1192 1601 1263 puertiae

655 1280 1019 1346 mutataeque
1048 1274 1215 1330 simul
1243 1278 1420 1345 togae.

742 1356 940 1413 Cressa
968 1374 1037 1411 ne
1067 1360 1249 1412 eareat
1278 1353 1508 1426 pulchra
1534 1352 1651 1408 dies
1681 1356 1826 1422 nota,
2300 1372 2356 1402 10

611 1502 618 1509 ,
658 1456 768 1494 neu
795 1443 1082 1509 promptae
1108 1436 1305 1492 modus
1334 1435 1645 1507 amphorae,

739 1537 850 1575 neu
876 1536 1085 1574 morem
1113 1519 1172 1573 in
1201 1517 1416 1574 Salium
1444 1516 1519 1571 sit
1548 1515 1760 1586 requies
1789 1513 2008 1585 pedum,

661 1618 770 1656 neu
797 1600 961 1656 multi
990 1598 1245 1655 Damalis
1272 1598 1411 1654 meri

741 1682 979 1737 Bassum
1008 1680 1260 1736 Threicia
1286 1679 1476 1735 vineat
1504 1675 1792 1749 amystide,

659 1781 771 1819 neu
798 1763 983 1818 desint
1011 1761 1190 1833 epulis
1216 1778 1371 1817 rosae
2305 1775 2357 1821 15

742 1862 853 1900 neu
878 1845 1049 1900 vivax
1074 1844 1263 1915 apium
1291 1859 1401 1897 neu
1427 1840 1593 1896 breve
1621 1838 1820 1894 lilium.

661 1943 851 1982 omnes
877 1925 935 1980 in
965 1923 1231 1981 Damalin
1259 1927 1451 1995 putres

742 2007 1019 2078 deponent
1048 2004 1245 2075 ocuIOS‚
1271 2022 1370 2061 neo
1398 2001 1652 2060 Damalis
1682 2018 1824 2057 novo

661 2087 959 2145 divelletur
988 2086 1257 2157 adulterO,

741 2169 962 2226 lascivis
991 2168 1206 2225 hederis
1234 2167 1589 2223 ambitiosior.
2305 2182 2365 2214 20

1169 2401 1465 2458 XXXVII

664 2524 833 2580 Nunc
859 2527 945 2579 est
973 2521 1292 2591 bibendum,
1326 2538 1473 2576 nuno
1499 2519 1635 2591 pede
1664 2519 1838 2575 libero

663 2604 937 2677 pulsanda
964 2602 1146 2674 tellus,
1180 2620 1327 2658 nuno
1357 2601 1660 2657 Saliaribus

746 2703 938 2742 ornare
966 2684 1226 2756 pulvinar
1255 2682 1483 2739 deorum

827 2771 1049 2838 tempus
1077 2769 1197 2821 erat
1224 2764 1478 2835 dapibus,
1511 2763 1737 2818 sodales

663 2847 900 2905 antehae
927 2847 1084 2903 nefas
1113 2846 1181 2902 de
1219 2862 1432 2901 romere
1462 2843 1775 2900 Caecubum
2336 2857 2366 2904 5

665 2928 821 2986 cellis
848 2928 1036 2998 avitis,
1067 2863 1510 2998 dufngUffilio

747 3011 936 3082 regina
963 3009 1251 3088 dementes
1278 3007 1468 3062 ruinas

829 3091 890 3147 fu
928 3109 998 3146 us
1025 3095 1083 3147 et
1109 3090 1342 3185 impeno
1369 3087 1603 3180 parabat

666 3176 1045 3309 conserat-122
1072 3152 1666 3249 Qum

1281 3215 1283 3217 .
1358 3186 1389 3225 e

1180 3249 1741 3359 QQQs
1797 3317 1802 3323 .
2309 3264 2368 3295 10

748 3352 969 3416 Qrare
1020 3352 1081 3390 or
1108 3331 1453 3407 uanffl
1456 3332 1505 3406 gi
1751 3332 1766 3354 '⁴

830 3416 998 3486 ebria.
1083 3413 1181 3471 sed
1207 3412 1429 3469 minuit
1440 3410 1681 3467 furorem

666 3498 766 3553 vix
792 3516 904 3554 una
929 3513 1117 3569 sospes
1144 3494 1305 3551 navis
1332 3493 1405 3549 ab
1432 3492 1669 3563 ignibus,

668 3583 1021 3650 mentemque
1048 3576 1395 3655 Q
1424 3574 1728 3630 Mareotico

755 3660 969 3731 redegit
996 3660 1055 3715 in
1081 3675 1241 3715 veros
1268 3657 1498 3712 timores
2311 3668 2367 3714 15

837 3740 1056 3810 Caesar,
1088 3740 1160 3795 ab
1189 3737 1360 3794 Italia
1385 3736 1669 3794 volantem
