2792 4334
916 276 1403 330 EPISTULARUM
1439 282 1570 332 LIB.
1611 282 1648 332 Ι.
1695 283 1755 330 15
2279 294 2370 342 163

512 410 697 479 limat,
730 429 842 467 non
869 410 994 467 odio
1022 412 1250 470 obscuro
1278 434 1571 490 morsuque
1597 423 1835 474 venenat
1858 441 1869 475 :

506 492 699 548 rident
727 493 895 548 vicini
921 493 1145 564 glaebas
1174 499 1232 552 et
1260 515 1394 553 saxa
1421 505 1750 556 moventem.

507 590 641 629 cum
667 574 843 629 servis
872 573 1084 631 urbana
1111 575 1288 633 diaria
1315 580 1505 636 rodere
1533 582 1709 637 mavis
1730 602 1747 653 3
2306 611 2369 657 40

507 653 715 710 horum
742 659 808 710 tu
834 655 892 710 in
921 673 1213 714 numerum
1241 665 1374 716 voto
1402 662 1517 717 ruis
1541 683 1554 719 :
1595 662 1809 718 invidet
1838 681 2000 719 usum

507 735 793 808 lignorum
822 740 881 792 et
907 739 1116 808 pecoris
1145 740 1253 796 tibi
1281 741 1397 797 calo
1426 748 1658 815 argutus
1685 748 1743 800 et
1771 744 1931 801 horti.

505 819 674 889 optat
702 815 961 889 ephippia
986 818 1101 891 bos,
1136 821 1290 893 piger
1318 828 1477 895 optat
1505 843 1658 881 31310
1686 824 1930 882 caballus
1953 849 1965 884 z

504 915 682 969 11113111
710 898 817 953 3011
842 903 1093 973 uterque,
1125 901 1321 973 libens,
1354 905 1601 976 censebo,
1634 913 1883 964 exerceat
1910 914 2101 967 artem.

1264 1101 1377 1157 XV

504 1214 666 1284 Quae
694 1215 772 1272 sit
798 1214 1014 1289 hiemps
1043 1216 1250 1288 Veliae,
1285 1221 1432 1292 quod
1460 1222 1688 1294 caelum,
1722 1223 1881 1294 Vala,
1913 1225 2141 1300 Salerni,

501 1313 745 1367 quorum
774 1296 1062 1354 hominum
1088 1301 1239 1373 regio
1267 1306 1326 1358 et
1352 1302 1536 1374 qualis
1564 1304 1867 1361 via—nam
1895 1307 2035 1363 mihi
2064 1309 2228 1367 Baias

503 1377 679 1433 Musa
704 1395 1072 1472 supervacuas
1100 1380 1393 1456 Antonius,
1428 1387 1487 1440 et
1516 1389 1703 1441 tamen
1734 1386 1848 1443 illis

499 1476 593 1515 me
624 1457 807 1514 facit
790 1460 1048 1532 invisum,
1081 1462 1263 1533 gelida
1290 1482 1418 1520 cum
1444 1465 1666 1537 perluor
1691 1467 1842 1523 unda

498 1557 600 1612 per
631 1539 877 1596 medium
904 1540 1092 1613 frigus.
1180 1561 1311 1601 sane
1341 1551 1588 1603 murteta
1615 1547 1851 1620 relinqui
2335 1579 2363 1623 5

498 1620 766 1693 dictaque
793 1627 1099 1680 cessantem
1127 1626 1311 1682 nervis
1339 1626 1541 1684 elidere
1568 1629 1821 1686 morbum

496 1702 734 1775 sulpura
760 1705 1038 1760 contemni
1065 1705 1220 1762 vicus
1246 1708 1434 1780 gemit,
1467 1709 1689 1766 invidus
1718 1713 1910 1783 aegriS,

497 1784 597 1855 qui
630 1788 799 1856 caput
825 1788 884 1841 et
911 1786 1256 1844 stomachum
1286 1806 1591 1861 supponere
1618 1791 1867 1849 fontibus
1893 1794 2102 1852 audent

500 1863 752 1921 Clusinis
781 1864 1095 1939 Gabiosque
1122 1873 1323 1940 petunt
1352 1875 1410 1926 et
1436 1871 1640 1943 frigida
1665 1890 1809 1932 rura.

496 1946 807 2002 mutandus
833 1946 985 2003 locus
1012 1952 1100 2005 est
1128 1954 1185 2006 et
1213 1950 1527 2008 deversoria
1553 1958 1686 2009 nota
2308 1985 2363 2016 10

496 2028 967 2099 praeteragendus
993 2047 1181 2102 equus.
1277 2034 1290 2061 ‘
1307 2051 1416 2104 quo
1444 2033 1667 2091 tendis?
1747 2053 1858 2092 non
1884 2038 2026 2094 mihi
2055 2038 2258 2096 Cumas

494 2113 585 2164 est
614 2108 727 2165 iter
753 2113 854 2165 aut
883 2110 1046 2166 Baias
1064 2112 1077 2137 '
1107 2111 1266 2169 laeva
1293 2115 1674 2172 stomachosus
1703 2116 1921 2174 habena

493 2189 649 2246 dicet
676 2207 881 2264 eques3
920 2191 1017 2248 sed
1045 2193 1200 2264 equis
1228 2194 1444 2251 frenato
1472 2201 1559 2252 est
1585 2199 1734 2254 auris
1762 2200 1820 2254 in
1849 2217 2023 2256 ore—

493 2271 677 2327 1113101
703 2275 895 2327 utrum
921 2273 1189 2345 populum
1216 2275 1486 2332 frumenti
1514 2280 1666 2350 copia
1695 2285 1900 2351 pascat,

493 2352 829 2409 collectosne
856 2353 1053 2410 bibant
1080 2355 1286 2413 imbres
1314 2363 1580 2429 puteosne
1608 2378 1872 2431 perennes
2306 2389 2359 2435 15

491 2433 645 2506 iugis
672 2451 1060 2506 aquae—nam
1087 2437 1220 2493 vina
1246 2438 1391 2494 nihil
1418 2457 1600 2496 moror
1626 2441 1777 2499 illius
1806 2461 1966 2515 0130·

492 2533 624 2571 rure
652 2532 778 2571 meo
803 2533 1027 2588 possum
1055 2518 1277 2589 quidvis
1304 2521 1543 2592 perferre
1569 2524 1831 2595 patique:

491 2596 566 2652 ad
592 2612 752 2653 mare
778 2614 905 2653 cum
930 2599 1074 2669 veni,
1105 2616 1430 2670 generosum
1458 2607 1516 2658 et
1543 2602 1664 2660 lene
1692 2607 1924 2678 requir0,

491 2677 647 2750 quod
676 2695 836 2733 curas
863 2678 1069 2751 abigat,
1101 2681 1249 2751 quod
1278 2700 1402 2738 cum
1430 2700 1529 2756 spe
1557 2684 1731 2742 divite
1758 2692 1948 2744 manet

490 2760 552 2815 in
579 2775 755 2815 venas
781 2759 1139 2833 animumque
1164 2780 1364 2835 meum,
1397 2764 1545 2836 quod
1575 2767 1746 2823 verba
1772 2770 2065 2841 ministret,
2299 2797 2358 2827 20

491 2839 646 2912 quod
673 2857 765 2896 me
790 2840 1092 2898 Lucanae
1073 2860 1330 2900 iuvenem
1357 2847 1705 2904 commendet
1732 2851 2022 2906 amicae—

489 2925 712 2978 tractus
739 2926 868 2978 uter
893 2921 1078 3015 plures
1105 2923 1332 2996 lepores,
1363 2931 1492 2982 uter
1517 2928 1712 2986 educet
1741 2948 1916 3002 apros„

488 3006 626 3059 utra
649 3003 831 3096 magis
855 3004 1033 3075 pisces
1060 3008 1120 3061 et
1147 3005 1368 3063 echinos
1394 3025 1632 3080 aequora
1658 3011 1852 3082 celent,

487 3084 720 3156 pinguis
745 3089 813 3140 ut
837 3085 969 3142 inde
996 3086 1223 3142 domum
1251 3089 1458 3159 possim
1487 3089 1819 3165 Phaeaxque
1846 3095 2068 3163 reverti,

488 3165 732 3223 scribere
759 3171 817 3222 te
844 3166 1019 3238 nobis,
1051 3166 1159 3223 tibi
1185 3185 1285 3224 nos
1312 3168 1602 3241 adcredere
1629 3191 1729 3246 par
1757 3179 1856 3232 est.
2296 3201 2354 3248 25

487 3245 770 3318 Maenius,
802 3251 869 3304 ut
895 3247 1062 3304 rebus
1089 3251 1353 3306 maternis
1379 3255 1550 3323 atque
1575 3256 1821 3326 paternis

486 3327 717 3384 fortiter
741 3327 1053 3402 absumptis
1080 3329 1327 3387 urbanus
1353 3333 1534 3405 coepit
1561 3334 1752 3393 haberi

486 3426 697 3481 scurra,
728 3427 920 3482 vagus,
952 3428 1064 3467 non
1092 3413 1189 3504 qui
1217 3417 1430 3469 certum
1457 3431 1750 3489 praesaepe
1780 3422 2010 3492 teneret,

484 3491 789 3563 inpransus
816 3508 927 3548 non
954 3493 1051 3564 qui
1079 3493 1258 3549 civem
1285 3493 1629 3566 dignosceret
1656 3498 1831 3570 hoste,

489 3571 821 3666 quaelibet'
804 3590 864 3628 m
892 3574 1145 3645 quemvis
1172 3575 1467 3647 opprobria
1493 3577 1697 3652 fingere
1724 3598 1937 3653 saevus,
2295 3611 2355 3655 30

486 3653 764 3725 pernicies
790 3659 848 3710 et
877 3661 1180 3728 tempestas
1206 3656 1642 3732 barathrumque
1670 3661 1901 3733 macelli,

487 3734 767 3808 quidquid
794 3736 1122 3808 quaesierat,
1153 3739 1337 3795 ventri
1365 3738 1610 3798 donabat
1637 3760 1818 3799 avaro.
