2792 4334
911 298 1405 353 EPISTULARUM
1442 303 1570 354 LIB.
1611 302 1679 351 II.
1719 304 1750 349 2

516 435 852 508 scriptorum
879 435 1079 492 chorus
1105 437 1287 493 omnis
1313 441 1470 494 amat
1494 454 1688 494 nemus
1715 439 1772 491 et
1798 435 1945 508 fugit
1970 437 2179 508 urbem,

515 521 629 575 rite
658 517 828 574 cliens
856 516 1061 573 Bacchi
1087 535 1283 574 somno
1309 517 1604 589 gaudentis
1633 522 1688 574 et
1716 517 1946 574 umbra:

515 606 581 657 tu
613 616 705 656 me
731 600 878 655 inter
904 599 1171 671 strepitus
1198 605 1499 656 nocturnos
1526 605 1694 672 atque
1722 599 1946 655 diurnos

514 683 602 738 vis
634 698 825 737 canere
854 685 912 736 et
939 685 1223 737 contracta
1249 682 1408 753 sequi
1436 682 1671 754 vestigia
1697 681 1932 737 vatum?

512 761 818 834 ingenium,
849 761 959 816 sibi
986 762 1135 833 quod
1163 779 1367 820 vacuas
1395 763 1702 835 desumpsit
1730 761 1979 819 Athenas

514 850 574 901 et
601 841 810 899 studiis
836 860 1010 898 annos
1036 847 1252 916 septem
1280 843 1436 900 dedit
1464 844 1814 915 insenuitque

511 924 679 981 libris
706 929 764 980 et
791 923 950 995 curis,
984 929 1174 980 statua
1199 925 1534 981 taciturnius
1561 926 1677 982 exit

513 1006 842 1077 plerumque
870 1010 928 1060 et
955 1005 1070 1060 risu
1097 1005 1364 1077 populum
1392 1007 1614 1078 quatit:
1657 1006 1747 1062 hic
1773 1023 1874 1077 ego
1901 1024 2079 1062 rerum

511 1085 780 1144 fluctibus
806 1086 866 1141 in
893 1086 1093 1142 mediis
1119 1092 1178 1143 et
1206 1087 1638 1159 tempestatibus
1665 1087 1817 1143 urbis

512 1167 691 1225 verba
716 1167 867 1240 lyrae
894 1171 1114 1224 motura
1141 1186 1338 1225 sonum
1367 1173 1651 1225 conectere
1681 1169 1910 1240 digner2

511 1249 693 1305 frater
720 1253 840 1305 erat
868 1247 1078 1306 Romae
1106 1249 1345 1306 consulti
1374 1250 1579 1318 rhetor,
1607 1254 1673 1306 ut
1701 1250 1842 1306 alter

512 1329 748 1387 alterius
777 1347 1026 1387 sermone
1054 1348 1234 1387 meros
1261 1330 1481 1387 audiret
1509 1331 1756 1401 honores,

511 1410 802 1470 Gracchus
830 1415 895 1467 ut
923 1411 1014 1468 hic
1040 1410 1141 1483 illi,
1174 1411 1317 1469 foret
1346 1412 1477 1468 huic
1504 1417 1570 1468 ut
1597 1413 1817 1469 Mucius
1846 1411 1953 1469 ille.

511 1493 615 1566 qui
642 1493 827 1550 minus
855 1497 1082 1565 argutos
1110 1498 1280 1550 vexat
1307 1493 1461 1550 furor
1488 1494 1595 1550 iste
1623 1494 1853 1566 poetas?

512 1574 765 1631 carmina
790 1592 1072 1647 compono,
1105 1575 1197 1631 hic
1225 1574 1420 1645 elegos,
1515 1576 1528 1603 ‘
1546 1576 1796 1632 mirabile
1823 1576 1949 1631 visu

511 1655 898 1727 caelatumque
925 1673 1125 1713 novem
1153 1656 1334 1713 Musis
1362 1674 1502 1729 opus
1530 1660 1541 1712 ἒ
1565 1658 1578 1682 '
1662 1657 1840 1728 aspice
1869 1657 2123 1728 primum,

510 1740 728 1810 quanto
755 1754 881 1793 cum
909 1738 1076 1809 fastu,
1111 1743 1321 1810 quanto
1349 1737 1633 1794 molimine
1661 1739 1864 1794 circum

511 1823 830 1891 spectemus
857 1836 1090 1875 vacuam
1119 1819 1386 1876 Romanis
1413 1818 1639 1876 vatibus
1666 1819 1857 1875 aedem
1879 1840 1894 1890 3

511 1918 647 1956 mox
672 1900 857 1972 etiam,
889 1901 939 1956 si
966 1899 1108 1956 forte
1136 1918 1315 1971 vacas,
1347 1918 1575 1973 sequere
1602 1906 1659 1957 et
1685 1899 1875 1973 procul
1903 1900 2047 1971 audi,

512 1981 654 2055 quid
681 1981 825 2039 ferat
853 1986 912 2038 et
939 1999 1106 2054 quare
1134 1982 1243 2039 sibi
1270 1986 1460 2039 nectat
1488 1985 1720 2054 uterque
1748 2000 2012 2038 coronam.

513 2063 800 2120 caedimur
826 2067 884 2120 et
911 2064 1147 2120 totidem
1176 2063 1354 2135 plagis
1382 2064 1755 2120 consumimus
1781 2063 1997 2119 hostem

513 2146 672 2202 lento
701 2144 982 2202 Samnites
1008 2144 1080 2201 ad
1106 2144 1321 2201 lumina
1348 2146 1530 2216 prima
1557 2144 1755 2201 duello

513 2224 739 2283 discedo
767 2224 1008 2283 Alcaeus
1033 2231 1242 2298 puncto
1268 2226 1420 2282 illius
1439 2247 1458 2299 3
1497 2225 1594 2282 ille
1620 2244 1743 2283 meo
1770 2227 1896 2298 quis
1917 2226 1937 2282 ‘3

512 2308 642 2380 quis
669 2307 778 2363 nisi
806 2306 1222 2365 Callimachus?
1302 2308 1351 2364 si
1376 2307 1505 2380 plus
1532 2308 1820 2379 adposcere
1850 2308 2020 2376 visus,

513 2390 580 2445 fit
612 2388 982 2445 Mimnermus
1009 2394 1066 2445 et
1095 2389 1287 2460 optivo
1314 2389 1636 2459 cognomine
1664 2388 1871 2445 crescit.

512 2469 700 2526 multa
726 2469 857 2539 fer0,
889 2475 956 2527 ut
983 2469 1197 2542 placem
1225 2488 1398 2542 genus
1427 2470 1709 2527 imitabile
1737 2473 1949 2540 vatum,

512 2569 643 2608 cum
670 2550 850 2607 scribo
878 2555 936 2607 et
963 2551 1197 2623 supplex
1225 2550 1414 2624 populi
1442 2551 1702 2624 suffragia
1730 2556 1926 2624 capto:

514 2632 685 2704 idem,
717 2632 893 2688 finitis
921 2632 1123 2689 studiis
1152 2637 1211 2689 et
1239 2637 1426 2689 mente
1454 2637 1687 2705 recepta,

515 2715 773 2771 obturem
800 2713 1023 2786 patulas
1049 2714 1259 2786 inpune
1285 2714 1598 2786 legentibus
1626 2732 1798 2772 aures.

513 2795 771 2852 ridentur
798 2794 948 2851 mala
973 2794 1070 2866 qui
1097 2800 1436 2867 componunt
1464 2797 1740 2868 carmina3
1778 2813 1973 2852 verum

513 2876 765 2949 gaudent
791 2875 1097 2932 scribentes
1125 2881 1183 2933 et
1211 2893 1270 2932 se
1297 2881 1634 2933 venerantur
1660 2883 1717 2934 et
1745 2877 1910 2949 ultr0,

513 2959 563 3014 si
589 2962 794 3028 taceaS,
826 2957 1062 3013 laudant
1090 2957 1362 3029 quidquid
1390 2958 1651 3030 scripsere
1679 2959 1845 3015 beati.

514 3044 574 3096 at
604 3038 706 3111 qui
733 3038 1049 3110 legitimum
1077 3038 1263 3110 cupiet
1290 3038 1485 3095 fecisse
1512 3057 1721 3111 poema,

515 3138 647 3177 cum
675 3119 883 3177 tabulis
911 3120 1159 3176 animum
1189 3120 1426 3176 censoris
1454 3127 1637 3178 sumet
1666 3121 1884 3177 honesti
1905 3140 1921 3192 3

515 3200 764 3271 audebit,
796 3218 1173 3273 quaecumque
1200 3218 1397 3273 parum
1426 3201 1731 3273 splendoris
1759 3199 2047 3257 habebunt

516 3288 574 3339 et
602 3283 726 3338 siue
750 3281 992 3355 pondere
1019 3286 1183 3339 erunt
1210 3286 1270 3339 et
1294 3281 1501 3339 honore
1529 3282 1757 3353 indigna
1781 3282 2043 3350 ferentur,

516 3362 693 3420 verba
718 3381 938 3421 movere
962 3362 1098 3434 loc0,
1131 3363 1386 3436 quamvis
1414 3365 1595 3420 invita
1620 3363 1882 3420 recedant

515 3450 574 3501 et
600 3449 896 3501 versentur
921 3444 1102 3501 adhuc
1129 3445 1280 3500 intra
1305 3444 1609 3517 penetralia
1637 3445 1881 3515 Vestae3

518 3526 816 3583 obscurata
841 3526 940 3583 diu
965 3526 1169 3599 populo
1194 3525 1372 3582 bonus
1401 3531 1558 3582 eruet
1585 3533 1753 3598 atque

516 3608 761 3680 proferet
788 3607 846 3664 in
875 3607 1057 3664 lucem
1082 3607 1329 3680 speciosa
1353 3607 1626 3664 vocabula
1651 3625 1851 3677 rerum,

515 3707 661 3762 quae
687 3688 882 3761 priscis
910 3693 1216 3746 memorata
1244 3687 1554 3745 Catonibus
1582 3695 1750 3760 atque
1778 3688 2041 3759 Cethegis

515 3789 665 3827 nunc
692 3770 837 3827 situs
864 3770 1116 3828 informis
1139 3771 1347 3845 premit
1375 3775 1434 3826 et
1462 3770 1679 3828 deserta
1707 3774 1957 3826 vetustas
1980 3791 1992 3826 :

2279 307 2370 355 181

2318 1923 2377 1969 95

2293 2332 2377 2362 100

2293 2736 2375 2782 105

2292 3143 2378 3176 110

2294 3545 2379 3593 115
