2792 4334
940 282 1334 337 SERMONUM
1370 287 1499 339 LIB.
1539 289 1609 339 11.
1649 292 1678 338 3
2255 300 2345 349 131

404 411 557 483 fecit,
590 429 724 468 cum
750 415 953 470 stravit
980 414 1123 472 ferro
1150 420 1355 489 pecus?
1437 422 1707 479 abstinuit
1733 424 1851 479 vim

404 510 577 550 uxore
605 498 669 549 et
696 499 829 551 nato
847 516 865 568 3
907 495 1054 552 mala
1081 499 1263 556 multa
1289 508 1544 573 precatus
1571 503 1787 559 Atridis

404 591 515 629 non
544 574 647 629 ille
673 580 774 631 aut
801 575 1072 633 Teucrum
1101 585 1200 635 aut
1229 581 1414 652 ipsum
1441 585 1674 641 violavit
1702 584 1946 644 Ulixen.'

371 656 385 682 ‘
404 672 600 711 verum
634 673 750 727 eg0,
781 661 848 712 ut
875 657 1163 717 haerentes
1193 662 1424 720 adverso
1450 665 1611 723 litore
1638 684 1805 723 naves
2261 700 2350 746 205

405 736 693 808 eriperem,
726 738 965 809 prudens
991 740 1210 812 placavi
1237 748 1503 817 sanguine
1530 748 1723 805 divos.'

367 818 382 845 ‘
401 834 601 889 nempe
637 822 750 889 tu0‚
782 818 1020 877 furiose!
1108 826 1123 853 ‘
1142 842 1282 895 me0‚
1314 827 1412 882 sed
1441 846 1548 884 non
1575 829 1849 887 furiosus!

404 899 502 970 qui
528 899 743 970 species
769 900 907 956 alias
934 903 1082 960 veris
1110 905 1439 979 scelerisque
1467 911 1716 967 tumultu

400 980 713 1051 permixtas
742 982 934 1054 capiet,
968 991 1278 1043 commotus
1306 988 1616 1061 habebitur,
1651 996 1818 1064 atque

399 1059 726 1137 stultitiane
751 1068 910 1134 erret,
944 1064 1182 1123 nihilum
1212 1068 1463 1141 distabit,
1494 1090 1566 1127 an
1593 1073 1692 1129 ira.
2258 1105 2349 1137 210

399 1141 549 1197 Aiax
575 1142 868 1200 inmeritos
897 1162 1022 1201 cum
1052 1149 1254 1206 occidit
1280 1148 1484 1223 desipit
1508 1171 1715 1226 agnos3

400 1240 528 1279 cum
556 1223 804 1294 prudens
832 1225 1010 1283 scelus
1040 1229 1110 1284 ob
1138 1229 1333 1300 titulos
1360 1232 1616 1290 admittis
1645 1236 1851 1308 inanes,

398 1308 518 1370 stas
545 1304 754 1377 31111110,
787 1309 844 1361 et
871 1325 1073 1380 purum
1102 1315 1188 1366 est
1214 1312 1354 1368 vitio
1382 1314 1507 1384 tibi,
1538 1324 1666 1372 cum
1694 1318 1972 1377 tumidum
2000 1325 2104 1393 est,
2132 1324 2265 1381 cor?

397 1385 448 1440 si
474 1386 602 1457 quis
636 1383 832 1442 lectica
858 1389 1095 1446 nitidam
1123 1397 1339 1462 gestare
1366 1401 1517 1451 amet
1544 1415 1759 1470 agnam,

397 1465 528 1522 huic
555 1471 792 1537 vestem,
823 1473 891 1524 ut
919 1474 1098 1544 natae,
1131 1478 1290 1544 paret
1317 1475 1559 1549 ancillas,
1591 1485 1749 1550 paret
1777 1499 1989 1555 aurum,
2257 1508 2343 1555 215

397 1547 607 1603 Rufam
643 1553 743 1604 aut
770 1549 1042 1607 Pusillam
1069 1553 1312 1625 appellet
1337 1556 1578 1630 fortique
1607 1561 1808 1618 marito

394 1628 648 1685 destinet
674 1648 901 1687 uxorem
919 1652 937 1704 3
980 1633 1276 1691 interdicto
1303 1636 1434 1694 huic
1461 1657 1621 1696 omne
1649 1641 1860 1698 adimat
1885 1644 1971 1706 ius

394 1714 623 1781 praetor
651 1715 710 1767 et
738 1711 810 1767 ad
836 1730 999 1769 sanos
1028 1714 1191 1773 abeat
1221 1718 1400 1774 tutela
1426 1721 1772 1794 propinquos.

396 1790 571 1863 quid?
656 1792 706 1847 si
735 1794 858 1865 quis
886 1799 1078 1852 natam
1104 1815 1203 1868 pro
1231 1804 1391 1855 muta
1418 1800 1655 1859 devovet
1682 1822 1838 1875 agna,

394 1872 615 1943 integer
646 1877 732 1929 est
758 1875 970 1933 animi?
1050 1895 1118 1934 ne
1144 1878 1360 1936 dixeris.
1451 1900 1577 1954 ergo
1606 1884 1704 1940 ubi
1729 1903 1903 1957 prava
2252 1916 2341 1947 220

393 1953 664 2025 stultitia,
698 1954 788 2011 hic
815 1973 1037 2013 summa
1063 1964 1148 2015 est
1176 1960 1392 2017 insania
1411 1983 1427 2035 3
1469 1965 1565 2035 (1111
1592 1965 1905 2038 sceleratus,

394 2038 452 2091 et
478 2034 728 2091 furiosus
755 2037 862 2093 erit
886 2058 902 2110 3
943 2057 1110 2111 (1110111
1137 2042 1285 2113 cepit
1311 2044 1493 2100 vitrea
1518 2045 1684 2117 fama,

394 2114 544 2171 hunc
571 2116 972 2176 circumtonuit
998 2121 1247 2192 gaudens
1275 2122 1506 2181 Bellona
1533 2129 1790 2186 eruentis.

392 2214 540 2253 nunc
570 2215 689 2269 age,
721 2197 1001 2256 luxuriam
1030 2205 1087 2258 et
1116 2202 1530 2262 Nomentanum
1559 2209 1737 2281 arripe
1764 2228 1979 2268 mecum
2002 2235 2016 2270 z

391 2278 582 2335 vincet
610 2280 764 2335 enim
791 2280 998 2338 stultos
1027 2284 1169 2339 ratio
1197 2284 1438 2342 insanire
1465 2294 1706 2360 nepotes.
2248 2317 2337 2364 225

392 2357 483 2414 hic
510 2359 685 2415 simul
713 2362 924 2433 accepit
951 2365 1253 2434 patrimoni
1278 2367 1433 2424 mille
1461 2369 1689 2441 talenta,

390 2439 578 2512 edicit,
608 2441 856 2512 piscator
883 2445 986 2514 uti,
1018 2447 1312 2518 pomarius,
1345 2465 1560 2521 auceps,

389 2523 799 2592 unguentarius
825 2541 890 2580 ac
918 2525 1084 2581 Tusci
1111 2526 1278 2583 turba
1304 2529 1458 2601 inpia
1483 2532 1607 2604 vici,

389 2619 518 2657 cum
545 2603 753 2659 scurris
780 2605 970 2677 fartor,
1004 2624 1129 2662 cum
1156 2607 1401 2665 Velabro
1428 2629 1587 2670 omne
1615 2614 1908 2671 macellum

389 2700 552 2739 mane
580 2684 815 2741 domum
841 2687 1085 2745 veniant.
1173 2690 1308 2760 quid
1336 2693 1498 2750 tum?
1579 2712 1774 2752 venere
1803 2697 2118 2769 frequentes
2136 2720 2154 2771 3
2247 2724 2335 2769 23ο

387 2765 561 2821 verba
587 2766 731 2822 facit
757 2765 881 2822 leno
904 2789 916 2824 ε
965 2774 978 2800 ‘
1000 2768 1270 2842 quidquid
1298 2772 1453 2843 mihi,
1485 2775 1757 2847 quidquid
1785 2782 1844 2833 et
1871 2777 2069 2835 horum

389 2845 588 2917 cuique
617 2845 774 2902 domi
800 2852 901 2919 est,
933 2848 994 2905 id
1021 2850 1178 2907 crede
1207 2856 1368 2908 tuum
1397 2859 1456 2910 et
1483 2854 1572 2911 vel
1601 2875 1747 2913 nunc
1773 2863 1901 2930 pete
1927 2860 2019 2916 vel
2049 2861 2199 2917 cras!

388 2927 574 2998 accipe
603 2927 746 2999 quid
772 2934 965 2985 contra
991 2928 1125 2987 haec
1151 2932 1369 2989 iuvenis
1397 2936 1740 3007 responderit
1767 2957 1989 3011 aequus.

352 3008 369 3036 ‘
387 3006 448 3062 in
474 3008 605 3064 nive
637 3008 867 3065 Lucana
893 3009 1100 3067 dormis
1128 3019 1396 3086 ocreatus,
1430 3021 1494 3072 ut
1522 3035 1716 3089 aprum

386 3104 578 3145 cenem
606 3108 711 3161 ego
734 3111 752 3163 3
793 3095 859 3146 tu
884 3092 1062 3163 pisces
1086 3092 1318 3151 hiberno
1345 3114 1417 3152 ex
1442 3115 1676 3170 aequore
1701 3102 1890 3158 verris.
2243 3125 2332 3173 235

384 3169 570 3240 segnis
597 3189 703 3243 ego
730 3171 991 3245 indignus
1018 3175 1114 3245 qui
1141 3179 1366 3233 tantum
1393 3179 1737 3250 possideam:
1780 3181 1948 3239 aufer.

384 3266 542 3306 sume
571 3253 684 3309 tibi
711 3252 929 3310 deciens
947 3275 967 3326 3
1006 3255 1114 3311 tibi
1140 3258 1512 3332 tantundem3
1553 3261 1663 3317 tibi
1689 3262 1928 3334 triplex!

382 3329 536 3388 filius
562 3331 776 3405 Aesopi
801 3334 1110 3392 detractam
1137 3354 1206 3393 ex
1233 3356 1364 3395 aure
1393 3339 1675 3411 Metellae,

385 3411 599 3470 scilicet
627 3419 698 3471 ut
727 3415 946 3472 deciens
974 3416 1214 3474 solidum
1243 3420 1580 3492 absorberet,
1609 3428 1763 3480 aceto
2240 3454 2330 3497 240

384 3491 553 3550 diluit
581 3494 861 3567 insignem
889 3497 1084 3554 bacam
1110 3520 1123 3557 :
1167 3501 1265 3572 qui
1290 3503 1491 3575 sanior,
1524 3522 1589 3560 ac
1615 3506 1664 3561 si

381 3572 524 3631 illud
552 3576 706 3646 idem
734 3577 795 3632 in
821 3579 1077 3650 rapidum
1103 3579 1309 3639 flumen
1337 3584 1612 3642 iaceretve
1632 3586 1911 3645 cloacam?

382 3653 583 3723 Quinti
608 3660 899 3731 progenies
925 3659 1071 3731 Arri,
1102 3679 1204 3734 par
1229 3663 1415 3721 nobile
1441 3666 1693 3739 fratrum,

381 3738 636 3810 nequitia
664 3743 725 3796 et
751 3741 926 3813 nugis,
960 3759 1257 3814 pravorum
1284 3750 1340 3801 et
1367 3764 1553 3805 amore
1578 3749 1891 3823 gemellum,
