2792 4334
462 285 554 332 128

1184 283 1236 343 Q.
1276 281 1536 332 HORATI
1576 282 1815 333 FLAOCI

697 419 885 476 audire
912 423 1080 491 atque
1108 423 1295 490 togam
1324 418 1485 474 iubeo
1514 436 1849 491 componere,
1878 418 2124 490 quisquis

696 502 998 558 ambitione
1026 500 1172 557 mala
1199 505 1296 556 aut
1319 501 1535 570 argenti
1562 500 1735 573 pallet
1765 518 1962 571 amore,

697 584 945 655 quisquis
972 583 1193 638 luxuria
1220 582 1441 638 tristive
1468 583 1857 654 superstitione

697 670 799 721 aut
824 664 931 721 alio
961 665 1161 721 mentis
1190 663 1380 719 morbo
1412 663 1587 722 calet:
1630 665 1737 721 huc
1766 664 1986 737 propius
2014 680 2114 733 me,
2488 673 2547 714 80

697 746 832 803 dum
858 746 1024 802 doceo
1051 746 1288 801 insanire
1318 763 1505 801 omnes
1533 763 1633 802 vos
1662 747 1862 817 ordine,
1897 745 2061 802 adite.

697 828 881 885 danda
908 833 994 884 est
1022 827 1245 884 ellebori
1271 826 1452 882 multo
1480 845 1608 898 pars
1635 828 1877 884 maxima
1904 826 2085 883 avaris
2104 847 2122 898 3

697 910 878 966 nescio
904 928 976 965 an
1006 909 1332 981 Anticyram
1361 908 1505 964 ratio
1533 908 1644 964 illis
1672 909 1913 965 destinet
1942 925 2174 965 omnem.

697 990 921 1048 heredes
951 989 1170 1047 Staberi
1198 1007 1474 1046 summam
1503 990 1742 1046 incidere
1772 989 2075 1062 sepulchro,

697 1074 761 1128 ni
788 1074 862 1128 sic
888 1072 1160 1143 fecissent,
1194 1071 1568 1143 gladiatorum
1595 1072 1724 1127 dare
1754 1076 1975 1127 centum
2488 1081 2543 1134 85

697 1153 947 1210 damnati
973 1152 1175 1225 populo
1203 1154 1357 1224 paria
1387 1158 1556 1225 atque
1584 1152 1808 1225 epulum
1834 1153 2062 1208 arbitrio
2089 1150 2238 1220 Arri,

696 1234 961 1291 frumenti
989 1239 1257 1306 quantum
1286 1235 1453 1290 metit
1480 1234 1681 1292 Africa.
1779 1238 1793 1263 ⁶
1809 1234 1923 1290 sive
1952 1251 2050 1305 ego
2077 1249 2247 1306 prave

697 1335 799 1373 seu
823 1321 967 1372 recte
996 1315 1096 1371 hoc
1124 1315 1289 1387 volui,
1324 1334 1393 1371 ne
1424 1317 1498 1372 sis
1527 1320 1759 1388 patruus
1789 1315 1961 1372 mihi!
2044 1314 2206 1370 credo

697 1397 802 1454 hoc
829 1396 1047 1454 Staberi
1074 1397 1404 1468 prudentem
1434 1398 1678 1453 animum
1706 1397 1925 1453 vidisse.
2019 1399 2032 1426 ‘
2049 1394 2186 1467 quid
2215 1412 2338 1465 ergo

696 1480 883 1551 sensit,
916 1496 1043 1534 cum
1069 1496 1343 1534 summam
1372 1480 1670 1550 patrimoni
1697 1478 2001 1549 insculpere
2028 1495 2160 1532 saxo
2485 1498 2545 1541 90

697 1559 923 1616 heredes
950 1559 1125 1615 voluit
1144 1559 1194 1617 ‘l'
1277 1559 1460 1631 quoad
1487 1560 1645 1629 vixit,
1677 1560 1909 1616 credidit
1936 1560 2130 1631 ingens

697 1642 1012 1714 pauperiem
1038 1641 1242 1697 vitium
1271 1646 1329 1697 et
1360 1642 1508 1697 cavit
1538 1640 1676 1696 nihil
1703 1641 1893 1712 acrius,
1928 1645 2010 1711 ut,
2042 1640 2090 1695 si

694 1722 838 1780 forte
864 1724 1047 1778 minus
1072 1721 1315 1794 locuples
1344 1741 1455 1777 uno
1483 1722 1791 1793 quadrante
1818 1722 2034 1794 periret,

695 1805 814 1876 ipse
840 1804 1118 1860 videretur
1146 1804 1252 1860 sibi
1280 1804 1543 1875 nequior:
1589 1804 1765 1859 omnis
1793 1804 1938 1860 enim
1966 1821 2066 1875 res,

695 1886 892 1956 virtUS‚
923 1885 1087 1957 fama,
1118 1884 1298 1956 decus,
1336 1885 1527 1941 divina
1555 1885 1901 1956 humanaque
1930 1884 2174 1957 pulchris
2486 1903 2544 1949 95

696 1967 908 2023 divitiis
935 1972 1131 2038 parent
1152 1987 1170 2039 3
1211 1984 1348 2039 quas
1379 1967 1476 2038 qui
1505 1967 1885 2035 construxerit,
1917 1966 2012 2022 ille

697 2047 874 2104 clarus
902 2048 1023 2120 erit,
1055 2048 1229 2119 fortiS,
1262 2049 1460 2104 iustus
1555 2049 1569 2076 ‘
1586 2048 1870 2119 sapiensne
1887 2047 1906 2103 ‘3
1923 2047 1937 2073 ’
1981 2047 2165 2117 etiam,
2203 2051 2258 2102 et
2286 2063 2383 2101 rex

697 2133 758 2186 et
787 2129 1051 2201 quidquid
1078 2129 1243 2187 volet.
1332 2129 1451 2201 hoc,
1483 2128 1659 2185 veluti
1686 2130 1893 2185 virtute
1921 2133 2195 2201 paratum,

695 2210 938 2283 speravit
965 2228 1196 2282 magnae
1224 2210 1377 2266 laudi
1406 2210 1535 2267 fore.
1623 2209 1758 2282 quid
1786 2209 1962 2267 simile
1990 2210 2085 2265 isti

698 2292 940 2349 Graecus
968 2291 1324 2364 Aristippus?
1368 2293 1467 2364 qui
1481 2310 1679 2348 xservos
1706 2291 1945 2363 proicere
1975 2309 2170 2347 aurum
2461 2313 2544 2343 100

695 2374 759 2429 in
787 2373 964 2429 media
990 2373 1152 2430 iussit
1184 2373 1376 2445 Libya,
1414 2374 1544 2445 quia
1572 2372 1786 2429 tardius
1813 2373 1957 2429 irent

695 2459 919 2526 propter
946 2473 1082 2510 onus
1109 2472 1317 2527 segnes,
1407 2459 1531 2511 uter
1558 2460 1642 2511 est
1669 2455 1909 2510 insanior
1936 2453 2173 2510 horum?

698 2536 782 2591 nil
807 2536 922 2607 agit
950 2536 1275 2607 exemplum,
1310 2536 1467 2592 litem
1496 2535 1643 2608 quod
1669 2535 1771 2591 lite
1799 2535 2036 2592 resolvit.

697 2617 750 2673 si
779 2618 897 2689 quis
925 2621 1073 2673 emat
1102 2617 1360 2690 citharaS,
1393 2623 1609 2689 emptas
1637 2622 1939 2688 comportet
1970 2617 2029 2671 in
2056 2634 2248 2686 unum,

698 2717 801 2754 nec
825 2698 1009 2754 studio
1038 2698 1277 2755 citharae
1307 2717 1409 2754 nec
1437 2699 1632 2755 Musae
1659 2698 1880 2774 deditus
1906 2697 2026 2767 ulli,
2461 2721 2543 2765 105

697 2781 750 2836 si
778 2779 983 2851 scalpra
1010 2785 1066 2836 et
1093 2779 1296 2836 formas
1326 2799 1436 2835 non
1465 2785 1635 2852 sutor,
1665 2780 1887 2836 nautica
1912 2778 2039 2836 vela

696 2879 921 2917 aversus
947 2862 1285 2932 mercaturiS,
1320 2860 1525 2917 delirus
1554 2867 1611 2918 et
1637 2879 1826 2917 amens

698 2943 938 3014 undique
967 2942 1183 2999 dicatur
1210 2943 1421 3000 merito,
1509 2944 1606 3014 qui
1635 2943 1905 3014 discrepat
1931 2942 2070 3011 istis,

698 3025 799 3096 qui
825 3042 1077 3081 nummos
1103 3041 1407 3094 aurumque
1436 3023 1697 3094 recondit,
1729 3024 1942 3080 nescius
1970 3023 2057 3078 uti

700 3105 1016 3177 compositis
1043 3110 1401 3176 metuensque
1429 3103 1586 3161 velut
1615 3105 1925 3175 contingere
1954 3105 2212 3161 sacrum?
2458 3126 2543 3157 110

698 3187 750 3242 si
779 3187 898 3259 quis
925 3186 996 3243 ad
1025 3187 1303 3258 ingentem
1331 3185 1599 3241 frumenti
1627 3203 1840 3258 semper
1865 3203 2120 3241 acervum

699 3273 979 3340 porrectus
1007 3268 1201 3340 vigilet
1228 3285 1352 3323 cum
1380 3266 1543 3338 longo
1569 3266 1731 3338 fuste,
1766 3283 1940 3338 neque
1967 3265 2119 3321 illinc

698 3349 899 3406 audeat
927 3350 1170 3406 esuriens
1199 3349 1452 3404 dominus
1480 3349 1796 3420 contingere
1822 3365 2067 3419 granum,

698 3448 766 3486 ac
793 3431 972 3502 potius
1000 3431 1145 3487 foliis
1175 3447 1368 3502 parcus
1394 3434 1650 3485 vescatur
1676 3430 1877 3485 amaris
1900 3448 1917 3500 3

698 3511 749 3566 si
777 3513 966 3583 positis
996 3513 1146 3568 intus
1178 3511 1304 3568 Chii
1329 3510 1642 3581 veterisque
1672 3509 1893 3566 Falerni
2457 3531 2539 3576 115

697 3592 849 3648 mille
876 3593 1040 3664 cadis,
1072 3592 1213 3649 nihil
1239 3597 1341 3664 est,
1373 3597 1462 3647 ter
1487 3596 1707 3647 centum
1735 3590 1964 3647 milibus
1992 3609 2128 3661 acre,

696 3678 852 3746 potet
880 3680 1131 3746 acetum3
1174 3693 1286 3747 age,
1320 3674 1368 3729 si
1396 3677 1455 3729 et
1481 3673 1803 3729 stramentis
1830 3672 2052 3729 incubet
2079 3672 2250 3729 unde-

696 3755 976 3828 octoginta
1003 3774 1173 3812 annos
1201 3761 1380 3827 natus,
1415 3754 1501 3811 cui
1529 3754 1779 3827 stragula
1806 3755 1991 3825 vestie,
