2792 4334
963 284 1347 339 OARMINUM
1385 290 1514 339 LIB.
1554 290 1578 339 I
2256 299 2321 348 19

542 431 637 471 me
665 434 881 489 quoque
902 403 1106 475 'devexi
1133 423 1361 493 rapidus
1387 402 1583 523 comeq
1595 422 1669 479 01
1728 424 1817 480 nis

625 496 865 570 Illyricis
894 499 1082 557 Notus
1111 502 1298 560 obruit
1326 504 1506 562 undis.

540 584 601 633 at
634 583 716 651 tu,
747 585 935 651 nauta,
969 599 1144 654 vagae
1173 602 1244 641 ne
1271 603 1433 657 parce
1460 585 1736 661 malignus
1767 585 2003 645 harenae
2072 633 2079 644 .

622 660 838 716 ossibus
867 667 925 718 et
952 664 1125 735 capiti
1151 665 1447 723 inhumato

539 741 875 812 particulam
904 743 1034 799 dare
1061 766 1073 801 :
1114 747 1210 818 sic,
1242 748 1627 820 quodcumque
1658 749 1960 806 minabitur
1988 751 2172 809 Eurus
2258 777 2319 823 25

621 821 885 879 fluctibus
915 824 1219 899 Hesperiis,
1252 828 1568 886 Venusinae

473 920 506 977 ι,
537 902 859 973 plectantur
885 906 1060 963 silvae
1086 911 1144 964 te
1173 910 1396 982 sospite,
1428 910 1715 982 multaque
1743 929 1961 984 merceS‚
2007 945 2016 952 -

621 984 770 1041 unde
797 991 998 1059 potest,
1034 988 1142 1044 tibi
1169 989 1380 1048 defluat
1409 1010 1584 1064 aequo

537 1064 613 1120 ab
644 1065 777 1122 Iove
804 1067 1182 1141 Neptunoque
1214 1072 1355 1128 sacri
1382 1073 1612 1129 custode
1643 1072 1886 1130 Tarenti.

622 1146 861 1219 Qegis
888 1149 1161 1206 inmeritis
1191 1153 1501 1210 nocituram
2255 1182 2318 1226 30

537 1228 832 1298 postmodo
861 1234 919 1286 te
946 1232 1094 1287 natis
1122 1231 1374 1302 fraudem
1407 1235 1787 1292 committeret
1869 1235 1980 1292 fors
2008 1241 2067 1293 et

621 1307 812 1366 debita
838 1310 961 1367 iura
987 1312 1245 1385 vicesque
1272 1315 1540 1387 superbae

537 1393 595 1446 te
626 1397 891 1447 maneant
917 1393 1135 1465 ipsum:
1177 1395 1433 1466 precibus
1461 1414 1572 1452 non
1601 1396 1822 1469 linquar
1848 1397 2061 1469 inultis,
2120 1402 2136 1440 s
2146 1399 2162 1446 l

619 1474 786 1543 teque
811 1473 1031 1544 piacula
1057 1475 1214 1531 nulla
1239 1476 1531 1536 resolvent.

536 1568 877 1624 quamquam
906 1554 1153 1627 festinas,
1187 1575 1298 1613 non
1327 1563 1415 1615 est
1442 1577 1595 1615 mora
1624 1558 1787 1631 longa
1813 1581 1826 1616 :
1868 1560 2059 1617 licebit
2254 1585 2315 1632 35

621 1633 823 1691 iniecto
839 1640 940 1692 ter
963 1636 1191 1709 pulvere
1219 1656 1422 1697 curras.

1161 1821 1372 1878 XXIX

702 1936 828 2007 Icci,
860 1936 1039 1995 beatis
1066 1957 1214 1996 nunc
1239 1941 1492 1998 Arabum
1518 1942 1732 2000 invides

700 2019 851 2090 gazis
878 2023 936 2075 et
962 2037 1143 2076 acrem
1169 2021 1432 2079 militiam
1459 2042 1621 2095 paras

780 2104 905 2156 non'
919 2105 1051 2157 ante
1077 2101 1312 2159 devictis
1342 2103 1587 2160 Sabaeae

585 2249 589 2253 ι
860 2181 1095 2253 regibus,
1128 2183 1488 2256 horribilique
1514 2185 1681 2242 Medo

701 2261 876 2317 nectis
904 2265 1168 2321 catenas‘l
1249 2283 1389 2337 quae
1418 2266 1526 2322 tibi
1553 2267 1830 2339 virginum
2281 2294 2313 2340 5

700 2354 901 2414 sponso
927 2350 1120 2400 necato
1147 2340 1385 2403 barbara
1413 2348 1659 2404 serviet?

778 2441 916 2494 puer
941 2425 1065 2496 quis
1093 2444 1161 2482 ex
1189 2426 1318 2493 aula
1344 2428 1560 2499 capillis

859 2505 932 2561 ad
958 2506 1224 2579 cyathum
1253 2513 1536 2565 statuetur
1562 2512 1760 2583 unctis,

700 2584 1160 2659 doctus-sagittas
1189 2589 1417 2646 tendere
1444 2589 1658 2647 Sericas

698 2684 830 2723 arcu
855 2671 1129 2739 paterno?
1212 2672 1337 2742 quis
1364 2676 1532 2743 neget
1558 2673 1746 2729 arduis
2252 2699 2312 2730 10

776 2765 976 2818 pronos
1001 2750 1177 2807 relabi
1204 2769 1362 2823 posse
1390 2754 1539 2809 rivos

859 2830 1143 2888 montibus
1171 2836 1231 2888 et
1260 2832 1507 2889 Tiberim
1534 2837 1751 2904 reverti,

696 2926 823 2965 cum
852 2915 918 2966 tu
945 2918 1225 2985 coemptos
1254 2913 1501 2986 undique
1527 2915 1728 2972 nobilis

694 2989 865 3047 libros
894 2991 1128 3049 Panaeti
1157 2994 1497 3051 Socraticam
1524 3002 1584 3052 et
1610 2997 1838 3054 domum

749 3077 992 3129 -mutare
1018 3073 1205 3132 loricis
1233 3075 1480 3147 Hiberis,
2251 3102 2309 3149 15

853 3153 1137 3226 pollicitus
1163 3156 1409 3227 meliora,
1443 3157 1667 3217 tendis?

1164 3338 1340 3395 XXX

690 3464 741 3522 Ο
768 3464 963 3523 Venus
989 3469 1181 3540 regina
1210 3469 1375 3527 Cnidi
1407 3470 1708 3545 Paphique,

688 3563 883 3619 sperne
912 3547 1176 3606 dilectam
1206 3550 1432 3623 Cypron
1461 3558 1519 3608 et
1545 3555 1798 3611 vocantis

691 3631 812 3685 ture
841 3633 899 3686 te
927 3630 1109 3687 multo
1136 3631 1407 3704 Glycerae
1433 3633 1687 3692 decoram

768 3711 1009 3768 transfer
1036 3713 1095 3768 in
1122 3713 1329 3770 aedem.
