2792 4334
446 263 539 309 124

1167 266 1221 326 Q.
1261 265 1523 316 HORATI
1561 264 1801 317 FLACCI

602 399 836 460 infamis
923 403 1094 476 quid?
1177 409 1297 460 tum
1319 404 1577 461 rhombos
1603 405 1787 461 minus
1814 422 2018 477 aequor
2045 403 2266 461 alebat?

605 487 764 540 tutus
790 490 908 541 erat
935 485 1199 541 rhombus
1228 490 1460 557 tutoque
1490 487 1697 543 ciconia
1722 486 1867 555 nido,

603 563 774 622 donec
800 585 897 623 vos
923 571 1114 622 auctor
1142 566 1330 623 docuit
1356 570 1675 638 praetorius
1761 587 1887 641 ergo

603 647 651 702 si
678 649 801 719 quis
826 666 975 704 nunc
1002 666 1212 718 mergos
1240 666 1439 704 suaves
1466 650 1697 706 edixerit
1724 668 1888 721 assoe,

603 729 818 801 parebit
843 730 1004 802 pravi
1032 729 1221 785 docilis
1251 730 1502 786 Romana
1529 732 1800 788 iuventus.

603 810 853 866 sordidus
881 829 914 866 a
941 811 1094 866 tenui
1123 812 1277 868 victu
1306 811 1554 883 distabit,
1588 812 1766 869 Ofello

603 891 781 948 iudice
804 914 815 948 ι
856 910 990 948 nam
1015 892 1221 949 frustra
1250 893 1451 949 vitium
1477 894 1740 950 vitaveris
1767 894 1920 965 illud,

603 973 652 1029 si
678 978 738 1029 te
765 973 871 1029 alio
897 991 1130 1045 pravum
1160 974 1467 1031 detorseris,
1552 975 1871 1048 AvidienuS‚

604 1055 693 1110 cui
723 1054 888 1111 Canis
916 1073 986 1110 ex
1013 1073 1139 1111 vero
1170 1056 1401 1112 ductum
1430 1075 1724 1127 cognomen
1751 1056 2026 1128 adhaeret,

605 1137 980 1208 quinquennes
1009 1136 1152 1193 oleas
1181 1142 1265 1194 est
1293 1142 1350 1194 et
1378 1138 1653 1194 silvestria
1681 1156 1856 1209 corna,

603 1235 667 1273 ac
694 1218 804 1273 nisi
828 1223 1106 1274 mutatum
1136 1221 1312 1290 parcit
1340 1219 1635 1275 defundere
1663 1220 1872 1290 vinum,
1902 1225 1960 1276 et

606 1299 760 1355 cuius
788 1299 1008 1355 odorem
1036 1299 1138 1356 olei
1168 1318 1405 1372 nequeas
1433 1301 1683 1374 perferre,
1714 1300 1902 1357 licebit

604 1380 698 1436 1118
726 1381 950 1452 repotia,
984 1381 1196 1437 natales
1227 1382 1432 1438 aliosve
1459 1382 1672 1438 dierum

605 1461 777 1518 festos
804 1461 1024 1518 albatus
1051 1462 1302 1534 celebret,
1335 1482 1500 1519 cornu
1528 1465 1643 1535 ipse
1671 1464 1857 1520 bilibri

606 1543 851 1600 caulibus
879 1543 1132 1614 instillat,
1167 1546 1369 1601 veteris
1395 1564 1505 1601 non
1531 1563 1729 1618 parcus
1756 1546 1910 1602 aceti.

605 1624 759 1697 quali
785 1626 954 1697 igitur
980 1626 1134 1682 victu
1164 1627 1380 1699 sapiens
1409 1632 1612 1698 utetur,
1644 1631 1702 1683 et
1729 1627 1924 1683 horum

605 1711 797 1762 utrum
822 1706 1174 1764 imitabitur?
1215 1707 1317 1764 hac
1345 1712 1543 1786 urguet
1571 1707 1749 1780 lupuS,
1783 1708 1885 1765 hac
1913 1710 2078 1779 canis,
2111 1709 2286 1765 aiunt.

607 1787 845 1844 mundus
873 1789 996 1858 erit,
1029 1807 1136 1860 qua
1164 1807 1274 1845 non
1304 1789 1545 1845 offendat
1572 1789 1823 1845 sordibus
1851 1795 2019 1861 atque

607 1870 665 1925 in
692 1874 944 1926 neutram
973 1875 1188 1942 partem
1218 1870 1400 1927 cultus
1428 1871 1603 1928 miser.
1692 1870 1779 1926 hic
1806 1888 1981 1942 neque
2011 1872 2200 1942 servis,

608 1950 810 2007 Albuci
836 1952 983 2007 senis
1011 1951 1272 2024 exemp10‚
1306 1952 1442 2008 dum
1461 1953 1650 2008 munia
1678 1952 1836 2022 didit,

608 2050 805 2088 saevus
832 2033 951 2103 erit,
986 2051 1082 2089 nec
1110 2034 1190 2089 sic
1221 2039 1284 2090 ut
1313 2033 1546 2106 simplex
1574 2033 1821 2089 Naevius
1849 2038 2074 2089 unctam

609 2114 853 2170 convivis
881 2114 1168 2186 praebebit
1199 2133 1400 2186 aquam
1426 2136 1436 2172 :
1478 2116 1681 2171 vitium
1709 2114 1811 2171 hoc
1839 2132 2053 2186 quoque
2081 2132 2361 2186 magnum.

609 2196 793 2267 accipe
818 2214 981 2267 nunc,
1014 2196 1195 2252 victus
1226 2197 1409 2252 tenuis
1438 2214 1577 2268 quae
1604 2201 1920 2268 quantaque
1948 2214 2131 2252 secum

609 2277 836 2334 adferat.
921 2277 983 2333 in
1010 2278 1200 2349 primis
1231 2277 1416 2334 valeas
1445 2277 1582 2334 bene
1605 2299 1617 2335 z
1661 2296 1790 2333 nam
1816 2278 2000 2333 variae
2029 2295 2115 2334 res

608 2362 675 2414 ut
702 2363 933 2415 noceant
963 2358 1173 2415 homini
1204 2360 1409 2429 credas,
1442 2377 1648 2415 memor
1675 2359 1824 2414 illius
1851 2376 2020 2429 escae,

610 2457 750 2513 quac
779 2439 1013 2512 simplex
1039 2439 1170 2496 olim
1203 2441 1306 2497 tibi
1336 2441 1538 2497 sederit
1559 2463 1575 2514 3
1617 2445 1677 2497 at
1706 2439 1870 2496 simul
1897 2441 2034 2496 assis

611 2522 892 2578 miscueris
919 2521 1077 2592 elixa,
1109 2522 1278 2578 simul
1307 2521 1593 2592 conchylia
1619 2522 1812 2593 turdiS,

612 2602 794 2659 dulcia
820 2621 877 2659 se
903 2604 962 2658 in
993 2602 1159 2659 bilem
1188 2608 1413 2660 vertent
1441 2604 1827 2675 stomachoque
1854 2603 2160 2660 tumultum

610 2684 764 2741 lenta
790 2683 927 2741 feret
951 2685 1173 2756 pituita.
1262 2685 1418 2741 vides
1446 2689 1508 2740 ut
1537 2684 1775 2757 pallidus
1803 2685 1979 2740 omnis

612 2783 746 2823 cena
773 2766 1032 2837 desurgat
1060 2765 1268 2822 dubia'l
1350 2766 1482 2838 quin
1513 2784 1705 2838 corpus
1735 2770 1992 2822 onustum

614 2847 882 2904 hesternis
909 2847 1064 2903 vitiis
1091 2848 1343 2903 animum
1371 2865 1586 2918 quoque
1611 2851 1936 2919 praegravat
1963 2865 2077 2902 una

614 2933 782 3001 atque
810 2928 1006 3000 adfigit
1032 2928 1200 2983 humo
1231 2927 1452 2984 divinae
1480 2928 1806 3000 particulam
1835 2946 2010 2984 aurae.

613 3010 768 3079 alter,
801 3010 895 3066 11111
921 3009 1071 3066 dicto
1099 3010 1263 3065 citius
1292 3013 1485 3065 curata
1510 3010 1690 3081 sopori

613 3092 857 3147 membra
884 3090 1054 3163 dedit,
1084 3096 1314 3162 vegetus
1342 3091 1679 3162 praescripta
1706 3091 1775 3146 ad
1803 3090 1992 3146 munia
2018 3090 2212 3161 surgit.

614 3173 702 3229 hic
731 3177 917 3229 tamen
944 3172 1019 3228 ad
1045 3172 1240 3228 melius
1271 3172 1475 3244 poterit
1501 3175 1869 3228 transcurrere
1898 3170 2188 3243 quondam,

614 3255 731 3310 sive
758 3254 904 3310 diem
931 3253 1138 3310 festum
1167 3253 1382 3309 rediens
1411 3251 1694 3309 advexerit
1721 3270 1911 3322 annus,

615 3352 711 3391 seu
738 3353 977 3392 recreare
1009 3335 1158 3391 volet
1188 3338 1479 3391 tenuatum
1508 3352 1716 3406 corpus,
1749 3334 1951 3405 ubique

615 3416 872 3473 accedent
900 3418 1047 3488 anni,
1080 3415 1307 3472 tractari
1334 3414 1554 3470 mollius
1582 3420 1735 3471 aetas

613 3496 868 3554 inbecilla
895 3498 1063 3554 volet.
1151 3497 1257 3553 tibi
1286 3496 1550 3567 quidnam
1579 3497 1801 3552 accedet
1828 3495 1899 3551 ad
1926 3496 2108 3567 istam,

615 3596 784 3650 quam
811 3597 944 3651 puer
971 3584 1031 3635 et
1058 3579 1275 3634 validus
1302 3577 1619 3649 praesumiS‚
1652 3576 1957 3649 mollitiem,
1990 3595 2088 3633 seu

614 3659 756 3715 dura
786 3659 1047 3716 valetudo
1074 3660 1328 3716 inciderit
1355 3676 1454 3714 seu
1481 3658 1640 3713 tarda
1667 3659 1956 3716 senectus?

616 3741 896 3797 rancidum
926 3759 1118 3813 aprum
1150 3741 1368 3812 antiqui
1397 3738 1714 3811 laudabant,
1747 3758 1854 3796 non
1883 3742 2013 3812 quia
2040 3758 2208 3796 nasus

2483 1026 2541 1073 55

2474 1392 2536 1436 60

2477 2220 2536 2261 70

2480 2623 2537 2670 75

2483 3021 2540 3062 80
