<?xml version="1.0" encoding="UTF-8"?>
<!DOCTYPE html PUBLIC "-//W3C//DTD XHTML 1.0 Transitional//EN"
    "http://www.w3.org/TR/xhtml1/DTD/xhtml1-transitional.dtd">
<html xmlns="http://www.w3.org/1999/xhtml" xml:lang="en" lang="en">
 <head>
  <title>
</title>
<meta http-equiv="Content-Type" content="text/html;charset=utf-8" />
  <meta name='ocr-system' content='tesseract 3.04.00' />
  <meta name='ocr-capabilities' content='ocr_page ocr_carea ocr_par ocr_line ocrx_word'/>
</head>
<body>
  <div class='ocr_page' id='page_1' title='image "./opera00pagegoog_0045.png"; bbox 0 0 2792 4334; ppageno 0'>
   <div class='ocr_carea' id='block_1_1' title="bbox 969 285 1581 492">
    <p class='ocr_par' dir='ltr' id='par_1_1' title="bbox 969 285 1581 492">
     <span class='ocr_line' id='line_1_1' title="bbox 969 285 1581 338; baseline -0.005 0"><span class='ocrx_word' id='word_1_1' title='bbox 969 287 1352 338; x_wconf 79' lang='lat' dir='ltr'>OARMINUM</span> <span class='ocrx_word' id='word_1_2' title='bbox 1388 287 1516 337; x_wconf 90' lang='lat' dir='ltr'><strong>LIB.</strong></span> <span class='ocrx_word' id='word_1_3' title='bbox 1556 285 1581 334; x_wconf 96' lang='lat' dir='ltr'><strong>I</strong></span> 
     </span>
     <span class='ocr_line' id='line_1_2' title="bbox 1188 433 1362 492; baseline -0.017 1"><span class='ocrx_word' id='word_1_4' title='bbox 1188 433 1362 492; x_wconf 90' lang='lat' dir='ltr'><strong>XXV</strong></span> 
     </span>
    </p>
   </div>
   <div class='ocr_carea' id='block_1_2' title="bbox 672 539 1910 2141">
    <p class='ocr_par' dir='ltr' id='par_1_2' title="bbox 672 539 1910 2141">
     <span class='ocr_line' id='line_1_3' title="bbox 716 539 1775 614; baseline -0.006 -16"><span class='ocrx_word' id='word_1_5' title='bbox 716 543 939 598; x_wconf 88' lang='lat' dir='ltr'><strong>Parcius</strong></span> <span class='ocrx_word' id='word_1_6' title='bbox 969 541 1186 598; x_wconf 88' lang='lat' dir='ltr'><strong>iunctas</strong></span> <span class='ocrx_word' id='word_1_7' title='bbox 1216 542 1481 614; x_wconf 86' lang='lat' dir='ltr'><strong>quatiunt</strong></span> <span class='ocrx_word' id='word_1_8' title='bbox 1507 539 1775 596; x_wconf 74' lang='lat' dir='ltr'><strong>fenestras</strong></span> 
     </span>
     <span class='ocr_line' id='line_1_4' title="bbox 712 620 1727 695; baseline -0.006 -16"><span class='ocrx_word' id='word_1_9' title='bbox 712 623 951 679; x_wconf 87' lang='lat' dir='ltr'><strong>iactibus</strong></span> <span class='ocrx_word' id='word_1_10' title='bbox 980 623 1185 679; x_wconf 80' lang='lat' dir='ltr'>crebris</span> <span class='ocrx_word' id='word_1_11' title='bbox 1213 624 1442 680; x_wconf 86' lang='lat' dir='ltr'><strong>iuvenes</strong></span> <span class='ocrx_word' id='word_1_12' title='bbox 1470 620 1727 695; x_wconf 75' lang='lat' dir='ltr'><strong>protervi,</strong></span> 
     </span>
     <span class='ocr_line' id='line_1_5' title="bbox 712 705 1790 775; baseline -0.005 -15"><span class='ocrx_word' id='word_1_13' title='bbox 712 723 811 760; x_wconf 91' lang='lat' dir='ltr'><strong>nec</strong></span> <span class='ocrx_word' id='word_1_14' title='bbox 839 705 946 761; x_wconf 90' lang='lat' dir='ltr'><strong>tibi</strong></span> <span class='ocrx_word' id='word_1_15' title='bbox 973 722 1194 760; x_wconf 79' lang='lat' dir='ltr'>somnos</span> <span class='ocrx_word' id='word_1_16' title='bbox 1224 705 1496 775; x_wconf 86' lang='lat' dir='ltr'><strong>adimunt,</strong></span> <span class='ocrx_word' id='word_1_17' title='bbox 1529 705 1790 772; x_wconf 87' lang='lat' dir='ltr'><strong>amatque</strong></span> 
     </span>
     <span class='ocr_line' id='line_1_6' title="bbox 792 784 1172 855; baseline 0 -14"><span class='ocrx_word' id='word_1_18' title='bbox 792 786 959 841; x_wconf 87' lang='lat' dir='ltr'><strong>ianua</strong></span> <span class='ocrx_word' id='word_1_19' title='bbox 984 784 1172 855; x_wconf 91' lang='lat' dir='ltr'><strong>limen,</strong></span> 
     </span>
     <span class='ocr_line' id='line_1_7' title="bbox 710 862 1796 939; baseline -0.006 -16"><span class='ocrx_word' id='word_1_20' title='bbox 710 884 852 938; x_wconf 90' lang='lat' dir='ltr'><strong>quae</strong></span> <span class='ocrx_word' id='word_1_21' title='bbox 879 867 1034 939; x_wconf 89' lang='lat' dir='ltr'><strong>prius</strong></span> <span class='ocrx_word' id='word_1_22' title='bbox 1060 866 1305 923; x_wconf 90' lang='lat' dir='ltr'><strong>multum</strong></span> <span class='ocrx_word' id='word_1_23' title='bbox 1332 865 1509 923; x_wconf 86' lang='lat' dir='ltr'><strong>facilis</strong></span> <span class='ocrx_word' id='word_1_24' title='bbox 1536 862 1796 919; x_wconf 87' lang='lat' dir='ltr'><strong>movebat</strong></span> 
     </span>
     <span class='ocr_line' id='line_1_8' title="bbox 712 944 1910 1005; baseline -0.002 -1"><span class='ocrx_word' id='word_1_25' title='bbox 712 948 978 1005; x_wconf 80' lang='lat' dir='ltr'><strong>cardines,</strong></span> <span class='ocrx_word' id='word_1_26' title='bbox 1065 947 1224 1004; x_wconf 88' lang='lat' dir='ltr'><strong>audis</strong></span> <span class='ocrx_word' id='word_1_27' title='bbox 1255 948 1440 1003; x_wconf 88' lang='lat' dir='ltr'><strong>minus</strong></span> <span class='ocrx_word' id='word_1_28' title='bbox 1469 951 1525 1003; x_wconf 90' lang='lat' dir='ltr'><strong>et</strong></span> <span class='ocrx_word' id='word_1_29' title='bbox 1552 945 1735 1001; x_wconf 90' lang='lat' dir='ltr'><strong>minus</strong></span> <span class='ocrx_word' id='word_1_30' title='bbox 1763 944 1910 1002; x_wconf 84' lang='lat' dir='ltr'><strong>iam:</strong></span> 
     </span>
     <span class='ocr_line' id='line_1_9' title="bbox 672 1029 1674 1101; baseline -0.004 -16"><span class='ocrx_word' id='word_1_31' title='bbox 672 1032 686 1059; x_wconf 94' lang='lat'>‘</span> <span class='ocrx_word' id='word_1_32' title='bbox 713 1047 800 1085; x_wconf 92' lang='lat' dir='ltr'><strong>me</strong></span> <span class='ocrx_word' id='word_1_33' title='bbox 829 1034 928 1085; x_wconf 90' lang='lat' dir='ltr'><strong>tuo</strong></span> <span class='ocrx_word' id='word_1_34' title='bbox 954 1029 1148 1101; x_wconf 88' lang='lat' dir='ltr'><strong>longas</strong></span> <span class='ocrx_word' id='word_1_35' title='bbox 1176 1034 1445 1100; x_wconf 88' lang='lat' dir='ltr'><strong>pereunte</strong></span> <span class='ocrx_word' id='word_1_36' title='bbox 1472 1031 1674 1097; x_wconf 87' lang='lat' dir='ltr'><strong>noctes,</strong></span> 
     </span>
     <span class='ocr_line' id='line_1_10' title="bbox 791 1110 1298 1182; baseline 0.002 -17"><span class='ocrx_word' id='word_1_37' title='bbox 791 1110 985 1182; x_wconf 85' lang='lat' dir='ltr'><strong>Lydia,</strong></span> <span class='ocrx_word' id='word_1_38' title='bbox 1020 1110 1226 1166; x_wconf 78' lang='lat' dir='ltr'><strong>dormis</strong></span> <span class='ocrx_word' id='word_1_39' title='bbox 1247 1110 1267 1166; x_wconf 71' lang='lat'><em>2</em></span> <span class='ocrx_word' id='word_1_40' title='bbox 1285 1110 1298 1135; x_wconf 94' lang='lat'>&#39;</span> 
     </span>
     <span class='ocr_line' id='line_1_11' title="bbox 709 1190 1745 1260; baseline -0.003 -14"><span class='ocrx_word' id='word_1_41' title='bbox 709 1192 946 1248; x_wconf 88' lang='lat' dir='ltr'><strong>invicem</strong></span> <span class='ocrx_word' id='word_1_42' title='bbox 975 1190 1232 1248; x_wconf 89' lang='lat' dir='ltr'><strong>moechos</strong></span> <span class='ocrx_word' id='word_1_43' title='bbox 1262 1208 1402 1246; x_wconf 88' lang='lat' dir='ltr'><strong>anus</strong></span> <span class='ocrx_word' id='word_1_44' title='bbox 1429 1192 1745 1260; x_wconf 76' lang='lat' dir='ltr'><strong>arrogantes</strong></span> 
     </span>
     <span class='ocr_line' id='line_1_12' title="bbox 709 1268 1810 1343; baseline -0.003 -15"><span class='ocrx_word' id='word_1_45' title='bbox 709 1272 869 1328; x_wconf 86' lang='lat' dir='ltr'><strong>flebis</strong></span> <span class='ocrx_word' id='word_1_46' title='bbox 897 1274 952 1327; x_wconf 90' lang='lat' dir='ltr'><strong>in</strong></span> <span class='ocrx_word' id='word_1_47' title='bbox 982 1271 1100 1328; x_wconf 90' lang='lat' dir='ltr'><strong>solo</strong></span> <span class='ocrx_word' id='word_1_48' title='bbox 1126 1271 1267 1329; x_wconf 85' lang='lat' dir='ltr'><strong>levis</strong></span> <span class='ocrx_word' id='word_1_49' title='bbox 1296 1272 1608 1343; x_wconf 80' lang='lat' dir='ltr'><strong>angiportU‚</strong></span> <span class='ocrx_word' id='word_1_50' title='bbox 1808 1268 1810 1270; x_wconf 69' lang='grc'>’</span> 
     </span>
     <span class='ocr_line' id='line_1_13' title="bbox 711 1351 1814 1425; baseline -0.005 -16"><span class='ocrx_word' id='word_1_51' title='bbox 711 1353 947 1409; x_wconf 83' lang='lat' dir='ltr'><strong>Thracio</strong></span> <span class='ocrx_word' id='word_1_52' title='bbox 975 1353 1283 1410; x_wconf 80' lang='lat' dir='ltr'><strong>bacchante</strong></span> <span class='ocrx_word' id='word_1_53' title='bbox 1310 1354 1489 1425; x_wconf 88' lang='lat' dir='ltr'><strong>magis</strong></span> <span class='ocrx_word' id='word_1_54' title='bbox 1517 1351 1622 1408; x_wconf 92' lang='lat' dir='ltr'><strong>sub</strong></span> <span class='ocrx_word' id='word_1_55' title='bbox 1648 1351 1814 1406; x_wconf 91' lang='lat' dir='ltr'><strong>inter-</strong></span> 
     </span>
     <span class='ocr_line' id='line_1_14' title="bbox 792 1434 1157 1506; baseline 0 -15"><span class='ocrx_word' id='word_1_56' title='bbox 792 1434 947 1491; x_wconf 91' lang='lat' dir='ltr'><strong>lunia</strong></span> <span class='ocrx_word' id='word_1_57' title='bbox 973 1439 1157 1506; x_wconf 85' lang='lat' dir='ltr'><strong>vent0‚</strong></span> 
     </span>
     <span class='ocr_line' id='line_1_15' title="bbox 709 1512 1728 1588; baseline -0.005 -16"><span class='ocrx_word' id='word_1_58' title='bbox 709 1534 837 1572; x_wconf 92' lang='lat' dir='ltr'><strong>cum</strong></span> <span class='ocrx_word' id='word_1_59' title='bbox 865 1516 972 1572; x_wconf 87' lang='lat' dir='ltr'><strong>tibi</strong></span> <span class='ocrx_word' id='word_1_60' title='bbox 1000 1516 1243 1588; x_wconf 87' lang='lat' dir='ltr'><strong>flagrans</strong></span> <span class='ocrx_word' id='word_1_61' title='bbox 1272 1518 1512 1572; x_wconf 89' lang='lat' dir='ltr'><strong>amoret</strong></span> <span class='ocrx_word' id='word_1_62' title='bbox 1541 1512 1728 1582; x_wconf 83' lang='lat' dir='ltr'><strong>libido,</strong></span> 
     </span>
     <span class='ocr_line' id='line_1_16' title="bbox 709 1596 1796 1668; baseline -0.004 -15"><span class='ocrx_word' id='word_1_63' title='bbox 709 1614 851 1668; x_wconf 89' lang='lat' dir='ltr'><strong>quae</strong></span> <span class='ocrx_word' id='word_1_64' title='bbox 877 1597 1020 1654; x_wconf 90' lang='lat' dir='ltr'><strong>solet</strong></span> <span class='ocrx_word' id='word_1_65' title='bbox 1049 1601 1255 1653; x_wconf 87' lang='lat' dir='ltr'><strong>matres</strong></span> <span class='ocrx_word' id='word_1_66' title='bbox 1283 1596 1489 1652; x_wconf 86' lang='lat' dir='ltr'><strong>furiare</strong></span> <span class='ocrx_word' id='word_1_67' title='bbox 1517 1612 1796 1666; x_wconf 85' lang='lat' dir='ltr'><strong>equorum,</strong></span> 
     </span>
     <span class='ocr_line' id='line_1_17' title="bbox 709 1676 1625 1745; baseline -0.004 -10"><span class='ocrx_word' id='word_1_68' title='bbox 709 1679 919 1735; x_wconf 82' lang='lat' dir='ltr'><strong>saeviet</strong></span> <span class='ocrx_word' id='word_1_69' title='bbox 949 1679 1093 1734; x_wconf 88' lang='lat' dir='ltr'><strong>circa</strong></span> <span class='ocrx_word' id='word_1_70' title='bbox 1120 1679 1269 1734; x_wconf 89' lang='lat' dir='ltr'><strong>iecur</strong></span> <span class='ocrx_word' id='word_1_71' title='bbox 1298 1676 1625 1745; x_wconf 83' lang='lat' dir='ltr'><strong>ulcerosum,</strong></span> 
     </span>
     <span class='ocr_line' id='line_1_18' title="bbox 791 1760 1295 1833; baseline 0 -18"><span class='ocrx_word' id='word_1_72' title='bbox 791 1777 903 1815; x_wconf 93' lang='lat' dir='ltr'><strong>non</strong></span> <span class='ocrx_word' id='word_1_73' title='bbox 930 1760 1049 1815; x_wconf 88' lang='lat' dir='ltr'><strong>sine</strong></span> <span class='ocrx_word' id='word_1_74' title='bbox 1078 1764 1295 1833; x_wconf 87' lang='lat' dir='ltr'><strong>questu,</strong></span> 
     </span>
     <span class='ocr_line' id='line_1_19' title="bbox 707 1838 1699 1913; baseline -0.005 -17"><span class='ocrx_word' id='word_1_75' title='bbox 707 1840 859 1897; x_wconf 87' lang='lat' dir='ltr'><strong>laeta</strong></span> <span class='ocrx_word' id='word_1_76' title='bbox 885 1841 1032 1912; x_wconf 88' lang='lat' dir='ltr'><strong>quod</strong></span> <span class='ocrx_word' id='word_1_77' title='bbox 1060 1840 1236 1913; x_wconf 81' lang='lat' dir='ltr'><strong>pubes</strong></span> <span class='ocrx_word' id='word_1_78' title='bbox 1266 1839 1471 1896; x_wconf 88' lang='lat' dir='ltr'><strong>hedera</strong></span> <span class='ocrx_word' id='word_1_79' title='bbox 1498 1838 1699 1893; x_wconf 85' lang='lat' dir='ltr'><strong>virenti</strong></span> 
     </span>
     <span class='ocr_line' id='line_1_20' title="bbox 708 1920 1762 1994; baseline -0.004 -16"><span class='ocrx_word' id='word_1_80' title='bbox 708 1922 948 1993; x_wconf 86' lang='lat' dir='ltr'><strong>gaudeat</strong></span> <span class='ocrx_word' id='word_1_81' title='bbox 978 1921 1132 1994; x_wconf 89' lang='lat' dir='ltr'><strong>pulla</strong></span> <span class='ocrx_word' id='word_1_82' title='bbox 1159 1920 1338 1993; x_wconf 89' lang='lat' dir='ltr'><strong>magis</strong></span> <span class='ocrx_word' id='word_1_83' title='bbox 1368 1925 1535 1992; x_wconf 86' lang='lat' dir='ltr'><strong>atquc</strong></span> <span class='ocrx_word' id='word_1_84' title='bbox 1565 1923 1762 1991; x_wconf 85' lang='lat' dir='ltr'><strong>myrt0,</strong></span> 
     </span>
     <span class='ocr_line' id='line_1_21' title="bbox 709 2001 1578 2060; baseline -0.003 -1"><span class='ocrx_word' id='word_1_85' title='bbox 709 2004 892 2060; x_wconf 88' lang='lat' dir='ltr'><strong>aridas</strong></span> <span class='ocrx_word' id='word_1_86' title='bbox 920 2002 1143 2059; x_wconf 88' lang='lat' dir='ltr'><strong>frondes</strong></span> <span class='ocrx_word' id='word_1_87' title='bbox 1173 2003 1373 2059; x_wconf 89' lang='lat' dir='ltr'><strong>hiemis</strong></span> <span class='ocrx_word' id='word_1_88' title='bbox 1403 2001 1578 2058; x_wconf 88' lang='lat' dir='ltr'><strong>sodali</strong></span> 
     </span>
     <span class='ocr_line' id='line_1_22' title="bbox 788 2083 1242 2141; baseline 0.002 -1"><span class='ocrx_word' id='word_1_89' title='bbox 788 2084 1005 2141; x_wconf 86' lang='lat' dir='ltr'><strong>dedicet</strong></span> <span class='ocrx_word' id='word_1_90' title='bbox 1036 2083 1242 2141; x_wconf 76' lang='lat' dir='ltr'><strong>Hebro,</strong></span> 
     </span>
    </p>
   </div>
   <div class='ocr_carea' id='block_1_3' title="bbox 1167 2227 1373 2284">
    <p class='ocr_par' dir='ltr' id='par_1_3' title="bbox 1167 2227 1373 2284">
     <span class='ocr_line' id='line_1_23' title="bbox 1167 2227 1373 2284; baseline -0.005 -1"><span class='ocrx_word' id='word_1_91' title='bbox 1167 2227 1373 2284; x_wconf 92' lang='lat' dir='ltr'><strong>XXVI</strong></span> 
     </span>
    </p>
   </div>
   <div class='ocr_carea' id='block_1_4' title="bbox 704 2333 1859 3301">
    <p class='ocr_par' dir='ltr' id='par_1_4' title="bbox 708 2333 1807 2650">
     <span class='ocr_line' id='line_1_24' title="bbox 710 2333 1752 2391; baseline -0.003 0"><span class='ocrx_word' id='word_1_92' title='bbox 710 2335 892 2391; x_wconf 89' lang='lat' dir='ltr'><strong>Musis</strong></span> <span class='ocrx_word' id='word_1_93' title='bbox 921 2336 1132 2390; x_wconf 90' lang='lat' dir='ltr'><strong>amicus</strong></span> <span class='ocrx_word' id='word_1_94' title='bbox 1160 2333 1457 2390; x_wconf 87' lang='lat' dir='ltr'><strong>tristitiam</strong></span> <span class='ocrx_word' id='word_1_95' title='bbox 1485 2338 1541 2389; x_wconf 92' lang='lat' dir='ltr'><strong>et</strong></span> <span class='ocrx_word' id='word_1_96' title='bbox 1571 2338 1752 2389; x_wconf 90' lang='lat' dir='ltr'><strong>metus</strong></span> 
     </span>
     <span class='ocr_line' id='line_1_25' title="bbox 708 2414 1807 2489; baseline -0.003 -17"><span class='ocrx_word' id='word_1_97' title='bbox 708 2417 929 2473; x_wconf 88' lang='lat' dir='ltr'><strong>tradam</strong></span> <span class='ocrx_word' id='word_1_98' title='bbox 957 2416 1231 2489; x_wconf 85' lang='lat' dir='ltr'><strong>protervis</strong></span> <span class='ocrx_word' id='word_1_99' title='bbox 1261 2416 1321 2470; x_wconf 90' lang='lat' dir='ltr'><strong>in</strong></span> <span class='ocrx_word' id='word_1_100' title='bbox 1348 2433 1500 2470; x_wconf 87' lang='lat' dir='ltr'><strong>mare</strong></span> <span class='ocrx_word' id='word_1_101' title='bbox 1524 2414 1807 2471; x_wconf 84' lang='lat' dir='ltr'><strong>Oreticum</strong></span> 
     </span>
     <span class='ocr_line' id='line_1_26' title="bbox 788 2495 1733 2570; baseline -0.002 -17"><span class='ocrx_word' id='word_1_102' title='bbox 788 2502 1010 2570; x_wconf 86' lang='lat' dir='ltr'><strong>portare</strong></span> <span class='ocrx_word' id='word_1_103' title='bbox 1039 2497 1240 2568; x_wconf 88' lang='lat' dir='ltr'><strong>ventis,</strong></span> <span class='ocrx_word' id='word_1_104' title='bbox 1275 2496 1402 2567; x_wconf 88' lang='lat' dir='ltr'><strong>quis</strong></span> <span class='ocrx_word' id='word_1_105' title='bbox 1430 2496 1532 2552; x_wconf 89' lang='lat' dir='ltr'><strong>sub</strong></span> <span class='ocrx_word' id='word_1_106' title='bbox 1561 2495 1733 2551; x_wconf 79' lang='lat' dir='ltr'><strong>Arcto</strong></span> 
     </span>
     <span class='ocr_line' id='line_1_27' title="bbox 867 2578 1688 2650; baseline -0.001 -16"><span class='ocrx_word' id='word_1_107' title='bbox 867 2597 966 2635; x_wconf 86' lang='lat' dir='ltr'><strong>rex</strong></span> <span class='ocrx_word' id='word_1_108' title='bbox 992 2578 1206 2650; x_wconf 86' lang='lat' dir='ltr'><strong>gelidae</strong></span> <span class='ocrx_word' id='word_1_109' title='bbox 1237 2581 1521 2634; x_wconf 86' lang='lat' dir='ltr'><strong>metuatur</strong></span> <span class='ocrx_word' id='word_1_110' title='bbox 1549 2595 1688 2646; x_wconf 88' lang='lat' dir='ltr'><strong>orae,</strong></span> 
     </span>
    </p>

    <p class='ocr_par' dir='ltr' id='par_1_5' title="bbox 704 2659 1859 3301">
     <span class='ocr_line' id='line_1_28' title="bbox 706 2659 1599 2731; baseline -0.001 -16"><span class='ocrx_word' id='word_1_111' title='bbox 706 2659 842 2731; x_wconf 89' lang='lat' dir='ltr'><strong>quid</strong></span> <span class='ocrx_word' id='word_1_112' title='bbox 869 2659 1156 2716; x_wconf 86' lang='lat' dir='ltr'><strong>Tiridaten</strong></span> <span class='ocrx_word' id='word_1_113' title='bbox 1184 2663 1409 2729; x_wconf 88' lang='lat' dir='ltr'><strong>terreat,</strong></span> <span class='ocrx_word' id='word_1_114' title='bbox 1442 2659 1599 2714; x_wconf 91' lang='lat' dir='ltr'><strong>unice</strong></span> 
     </span>
     <span class='ocr_line' id='line_1_29' title="bbox 706 2738 1774 2813; baseline -0.003 -16"><span class='ocrx_word' id='word_1_115' title='bbox 706 2758 945 2798; x_wconf 86' lang='lat' dir='ltr'><strong>securus.</strong></span> <span class='ocrx_word' id='word_1_116' title='bbox 1033 2759 1065 2797; x_wconf 95' lang='lat' dir='ltr'><strong>o</strong></span> <span class='ocrx_word' id='word_1_117' title='bbox 1093 2758 1234 2813; x_wconf 86' lang='lat' dir='ltr'><strong>quae</strong></span> <span class='ocrx_word' id='word_1_118' title='bbox 1265 2738 1514 2796; x_wconf 89' lang='lat' dir='ltr'><strong>fontibus</strong></span> <span class='ocrx_word' id='word_1_119' title='bbox 1544 2738 1774 2810; x_wconf 86' lang='lat' dir='ltr'><strong>integris</strong></span> 
     </span>
     <span class='ocr_line' id='line_1_30' title="bbox 784 2820 1647 2895; baseline -0.003 -16"><span class='ocrx_word' id='word_1_120' title='bbox 784 2822 1009 2895; x_wconf 74' lang='lat' dir='ltr'><strong>gaudeS,</strong></span> <span class='ocrx_word' id='word_1_121' title='bbox 1041 2822 1254 2894; x_wconf 87' lang='lat' dir='ltr'><strong>apricos</strong></span> <span class='ocrx_word' id='word_1_122' title='bbox 1284 2825 1445 2877; x_wconf 88' lang='lat' dir='ltr'><strong>necte</strong></span> <span class='ocrx_word' id='word_1_123' title='bbox 1470 2820 1647 2891; x_wconf 84' lang='lat' dir='ltr'><strong>flores,</strong></span> 
     </span>
     <span class='ocr_line' id='line_1_31' title="bbox 869 2902 1736 2970; baseline -0.002 -11"><span class='ocrx_word' id='word_1_124' title='bbox 869 2908 1028 2960; x_wconf 88' lang='lat' dir='ltr'><strong>necte</strong></span> <span class='ocrx_word' id='word_1_125' title='bbox 1056 2920 1177 2959; x_wconf 93' lang='lat' dir='ltr'><strong>meo</strong></span> <span class='ocrx_word' id='word_1_126' title='bbox 1206 2902 1439 2960; x_wconf 87' lang='lat' dir='ltr'><strong>Lamiae</strong></span> <span class='ocrx_word' id='word_1_127' title='bbox 1468 2920 1736 2970; x_wconf 87' lang='lat' dir='ltr'><strong>coronam,</strong></span> 
     </span>
     <span class='ocr_line' id='line_1_32' title="bbox 706 2982 1707 3057; baseline -0.003 -16"><span class='ocrx_word' id='word_1_128' title='bbox 706 2984 946 3057; x_wconf 88' lang='lat' dir='ltr'><strong>Pimplei</strong></span> <span class='ocrx_word' id='word_1_129' title='bbox 975 2984 1168 3041; x_wconf 89' lang='lat' dir='ltr'><strong>dulcis.</strong></span> <span class='ocrx_word' id='word_1_130' title='bbox 1256 2982 1339 3040; x_wconf 90' lang='lat' dir='ltr'><strong>nil</strong></span> <span class='ocrx_word' id='word_1_131' title='bbox 1368 2983 1487 3039; x_wconf 92' lang='lat' dir='ltr'><strong>sine</strong></span> <span class='ocrx_word' id='word_1_132' title='bbox 1514 2987 1573 3039; x_wconf 92' lang='lat' dir='ltr'><strong>te</strong></span> <span class='ocrx_word' id='word_1_133' title='bbox 1600 2984 1707 3040; x_wconf 90' lang='lat' dir='ltr'><strong>mei</strong></span> 
     </span>
     <span class='ocr_line' id='line_1_33' title="bbox 704 3064 1859 3138; baseline -0.003 -15"><span class='ocrx_word' id='word_1_134' title='bbox 704 3071 935 3138; x_wconf 86' lang='lat' dir='ltr'><strong>prosunt</strong></span> <span class='ocrx_word' id='word_1_135' title='bbox 964 3066 1196 3123; x_wconf 88' lang='lat' dir='ltr'><strong>honores</strong></span> <span class='ocrx_word' id='word_1_136' title='bbox 1219 3087 1231 3123; x_wconf 90' lang='lat'>:</span> <span class='ocrx_word' id='word_1_137' title='bbox 1276 3064 1426 3120; x_wconf 89' lang='lat' dir='ltr'><strong>hunc</strong></span> <span class='ocrx_word' id='word_1_138' title='bbox 1455 3064 1658 3121; x_wconf 87' lang='lat' dir='ltr'><strong>fidibus</strong></span> <span class='ocrx_word' id='word_1_139' title='bbox 1685 3064 1859 3133; x_wconf 87' lang='lat' dir='ltr'><strong>novis,</strong></span> 
     </span>
     <span class='ocr_line' id='line_1_34' title="bbox 786 3145 1649 3217; baseline -0.002 -14"><span class='ocrx_word' id='word_1_140' title='bbox 786 3147 935 3204; x_wconf 86' lang='lat' dir='ltr'><strong>hunc</strong></span> <span class='ocrx_word' id='word_1_141' title='bbox 964 3147 1167 3204; x_wconf 88' lang='lat' dir='ltr'><strong>Lesbio</strong></span> <span class='ocrx_word' id='word_1_142' title='bbox 1194 3164 1413 3203; x_wconf 83' lang='lat' dir='ltr'><strong>sacrare</strong></span> <span class='ocrx_word' id='word_1_143' title='bbox 1442 3145 1649 3217; x_wconf 89' lang='lat' dir='ltr'><strong>plectro</strong></span> 
     </span>
     <span class='ocr_line' id='line_1_35' title="bbox 865 3228 1737 3301; baseline 0 -16"><span class='ocrx_word' id='word_1_144' title='bbox 865 3233 1033 3301; x_wconf 89' lang='lat' dir='ltr'><strong>teque</strong></span> <span class='ocrx_word' id='word_1_145' title='bbox 1060 3233 1298 3300; x_wconf 87' lang='lat' dir='ltr'><strong>tuasque</strong></span> <span class='ocrx_word' id='word_1_146' title='bbox 1326 3228 1486 3284; x_wconf 85' lang='lat' dir='ltr'><strong>decet</strong></span> <span class='ocrx_word' id='word_1_147' title='bbox 1514 3243 1737 3285; x_wconf 79' lang='lat' dir='ltr'><strong>sorores,</strong></span> 
     </span>
    </p>
   </div>
   <div class='ocr_carea' id='block_1_5' title="bbox 1155 3386 1394 3445">
    <p class='ocr_par' dir='ltr' id='par_1_6' title="bbox 1155 3386 1394 3445">
     <span class='ocr_line' id='line_1_36' title="bbox 1155 3386 1394 3445; baseline -0.008 0"><span class='ocrx_word' id='word_1_148' title='bbox 1155 3386 1394 3445; x_wconf 90' lang='lat' dir='ltr'><strong>XXVII</strong></span> 
     </span>
    </p>
   </div>
   <div class='ocr_carea' id='block_1_6' title="bbox 703 3495 1956 3889">
    <p class='ocr_par' dir='ltr' id='par_1_7' title="bbox 703 3495 1956 3889">
     <span class='ocr_line' id='line_1_37' title="bbox 706 3495 1685 3580; baseline -0.001 -28"><span class='ocrx_word' id='word_1_149' title='bbox 706 3495 876 3580; x_wconf 65' lang='lat' dir='ltr'><em>Q</em></span> <span class='ocrx_word' id='word_1_150' title='bbox 904 3496 963 3552; x_wconf 92' lang='lat' dir='ltr'><strong>in</strong></span> <span class='ocrx_word' id='word_1_151' title='bbox 990 3514 1155 3553; x_wconf 88' lang='lat' dir='ltr'><strong>usum</strong></span> <span class='ocrx_word' id='word_1_152' title='bbox 1182 3496 1437 3570; x_wconf 57' lang='lat' dir='ltr'><strong>laetitiae</strong></span> <span class='ocrx_word' id='word_1_153' title='bbox 1465 3496 1685 3569; x_wconf 81' lang='lat' dir='ltr'><strong>scyphis</strong></span> 
     </span>
     <span class='ocr_line' id='line_1_38' title="bbox 703 3576 1956 3651; baseline -0.003 -16"><span class='ocrx_word' id='word_1_154' title='bbox 703 3596 948 3651; x_wconf 88' lang='lat' dir='ltr'><strong>pugnare</strong></span> <span class='ocrx_word' id='word_1_155' title='bbox 977 3577 1256 3634; x_wconf 85' lang='lat' dir='ltr'><strong>Thracum</strong></span> <span class='ocrx_word' id='word_1_156' title='bbox 1285 3582 1409 3635; x_wconf 87' lang='lat' dir='ltr'><strong>est:</strong></span> <span class='ocrx_word' id='word_1_157' title='bbox 1454 3577 1637 3649; x_wconf 54' lang='lat' dir='ltr'><strong>&amp;illita</strong></span> <span class='ocrx_word' id='word_1_158' title='bbox 1660 3576 1956 3634; x_wconf 85' lang='lat' dir='ltr'><strong>barbarum</strong></span> 
     </span>
     <span class='ocr_line' id='line_1_39' title="bbox 784 3659 1815 3731; baseline -0.001 -15"><span class='ocrx_word' id='word_1_159' title='bbox 784 3677 993 3716; x_wconf 84' lang='lat' dir='ltr'><strong>morem</strong></span> <span class='ocrx_word' id='word_1_160' title='bbox 1021 3659 1504 3731; x_wconf 55' lang='lat' dir='ltr'><strong>verecundi-imque</strong></span> <span class='ocrx_word' id='word_1_161' title='bbox 1534 3659 1815 3716; x_wconf 89' lang='lat' dir='ltr'><strong>Bacchum</strong></span> 
     </span>
     <span class='ocr_line' id='line_1_40' title="bbox 865 3740 1674 3814; baseline 0 -16"><span class='ocrx_word' id='word_1_162' title='bbox 865 3740 1180 3814; x_wconf 85' lang='lat' dir='ltr'><strong>sanguineis</strong></span> <span class='ocrx_word' id='word_1_163' title='bbox 1207 3740 1497 3814; x_wconf 89' lang='lat' dir='ltr'><strong>prohibete</strong></span> <span class='ocrx_word' id='word_1_164' title='bbox 1525 3742 1674 3798; x_wconf 74' lang='lat' dir='ltr'><strong>rixis</strong></span> 
     </span>
     <span class='ocr_line' id='line_1_41' title="bbox 1255 3844 1293 3889; baseline 0 0"><span class='ocrx_word' id='word_1_165' title='bbox 1255 3844 1293 3889; x_wconf 84' lang='lat' dir='ltr'>G</span> 
     </span>
    </p>
   </div>
   <div class='ocr_carea' id='block_1_7' title="bbox 2260 284 2321 339">
    <p class='ocr_par' dir='ltr' id='par_1_8' title="bbox 2260 284 2321 339">
     <span class='ocr_line' id='line_1_42' title="bbox 2260 284 2321 339; baseline 0.033 -2"><span class='ocrx_word' id='word_1_166' title='bbox 2260 284 2321 339; x_wconf 87' lang='grc'><strong>17</strong></span> 
     </span>
    </p>
   </div>
   <div class='ocr_carea' id='block_1_8' title="bbox 2272 1291 2329 1324">
    <p class='ocr_par' dir='ltr' id='par_1_9' title="bbox 2272 1291 2329 1324">
     <span class='ocr_line' id='line_1_43' title="bbox 2272 1291 2329 1324; baseline 0 0"><span class='ocrx_word' id='word_1_167' title='bbox 2272 1291 2329 1324; x_wconf 92' lang='lat'><strong>10</strong></span> 
     </span>
    </p>
   </div>
   <div class='ocr_carea' id='block_1_9' title="bbox 2268 1696 2324 1742">
    <p class='ocr_par' dir='ltr' id='par_1_10' title="bbox 2268 1696 2324 1742">
     <span class='ocr_line' id='line_1_44' title="bbox 2268 1696 2324 1742; baseline 0 0"><span class='ocrx_word' id='word_1_168' title='bbox 2268 1696 2324 1742; x_wconf 87' lang='grc' dir='ltr'><strong>Ῑ5</strong></span> 
     </span>
    </p>
   </div>
   <div class='ocr_carea' id='block_1_10' title="bbox 2272 3082 2329 3115">
    <p class='ocr_par' dir='ltr' id='par_1_11' title="bbox 2272 3082 2329 3115">
     <span class='ocr_line' id='line_1_45' title="bbox 2272 3082 2329 3115; baseline 0 0"><span class='ocrx_word' id='word_1_169' title='bbox 2272 3082 2329 3115; x_wconf 88' lang='lat'><strong>10</strong></span> 
     </span>
    </p>
   </div>
  </div>
 </body>
</html>
