2792 4334
970 284 1353 336 CARMINUM
1389 287 1521 338 LIB.
1561 286 1642 338 III
2281 292 2342 342 61

645 419 978 490 indignoque
1006 420 1298 490 pecuniam

726 499 914 556 heredi
941 507 1211 572 properet.
1302 502 1515 558 scilicet
1542 500 1806 574 inprobae

646 586 898 638 crescunt
925 581 1191 639 divitiae:
1238 587 1427 639 tamen

725 667 913 719 curtae
940 664 1124 720 nescio
1151 664 1286 736 quid
1315 683 1534 737 semper
1560 665 1720 721 abest
1747 664 1841 720 rei.

1208 871 1381 927 XXV

646 977 770 1046 Quo
796 995 901 1050 me,
936 977 1166 1048 Bacche,
1198 980 1348 1050 rapis
1377 980 1467 1035 tui

725 1058 990 1131 plenum?
1031 1077 1171 1131 quae
1199 1077 1427 1116 nemora
1454 1065 1553 1116 aut
1581 1077 1720 1133 quos
1747 1077 1880 1131 agor
1906 1061 1963 1116 in
1992 1079 2200 1133 specuS,

646 1140 809 1197 velox
835 1145 1021 1197 mente
1051 1141 1232 1197 nova?
1273 1141 1477 1212 quibus

728 1223 903 1278 antris
931 1222 1135 1314 egregji
1165 1221 1418 1358 (laessi-is
1447 1222 1640 1278 audiar

644 1307 930 1359 aeternum
957 1301 1236 1359 medltans
1265 1302 1332 1359 de
1364 1322 1431 1359 us
2321 1327 2348 1374 5

726 1383 903 1440 stellis
929 1370 1167 1440 inselere
1195 1388 1255 1439 et
1283 1384 1511 1440 consilio
1539 1384 1732 1440 Iovis?

645 1464 828 1521 dicam
853 1465 1084 1536 insigne,
1116 1482 1319 1537 recens,
1351 1464 1536 1521 adhuc

726 1546 1001 1602 indictum
1029 1563 1120 1602 ore
1147 1545 1273 1603 alic.
1359 1564 1472 1602 non
1500 1564 1656 1603 secus
1685 1547 1742 1601 in
1769 1547 1913 1618 iugis

647 1628 923 1684 exsomnis
950 1632 1140 1700 stupet
1169 1627 1383 1683 Euhias

727 1708 985 1765 Hebrum
1011 1688 1433 1780 prospiffit
1461 1709 1589 1765 nive
1619 1708 1912 1765 candidam
2294 1736 2349 1767 10

647 1789 897 1846 Thracen
924 1807 989 1846 ac
1016 1790 1156 1862 pede
1181 1790 1418 1847 barbaro

726 1871 1024 1927 lustratam
1053 1870 1375 1943 Rhodopen,
1408 1876 1475 1927 ut
1505 1871 1643 1927 mihi
1671 1870 1833 1928 devio

646 1953 795 2025 ripas
824 1957 881 2009 et
906 1970 1145 2008 vacuum
1173 1970 1370 2008 nemus

728 2033 916 2089 mirari
942 2032 1099 2090 libet.
1186 2051 1218 2090 o
1247 2033 1531 2090 Naiadum
1560 2038 1757 2106 potens

648 2115 1099 2186 Baccharumque
1126 2114 1337 2171 valenti
1378 2134 1434 2170 m
2296 2139 2349 2186 15

727 2214 980 2268 proceras
1007 2196 1264 2253 manibus
1293 2134 1509 2253 vexere
1535 2195 1798 2265 fraxinos,

648 2277 728 2333 nil
754 2295 989 2349 parvum
1017 2282 1117 2333 aut
1145 2276 1346 2333 humili
1372 2277 1555 2348 modo,

729 2358 809 2413 nil
837 2358 1070 2415 mortale
1097 2358 1306 2430 loquar.
1394 2357 1556 2415 dulce
1584 2357 1892 2430 periculum
1920 2363 2024 2429 est,

648 2458 681 2495 ο
708 2438 937 2510 Lenaee,
971 2440 1128 2511 sequi
1155 2439 1321 2495 deum

727 2521 1041 2594 cingentem
1068 2519 1236 2576 viridi
1265 2526 1518 2592 tempora
1544 2522 1821 2593 pampinO.
2294 2546 2353 2577 20

1193 2731 1398 2787 XXVI

646 2838 782 2894 Vixi
808 2837 1009 2910 puellis
1036 2855 1210 2911 nuper
1239 2837 1471 2894 idoneus

647 2925 706 2976 et
731 2919 972 2976 militavi
999 2937 1110 2975 non
1136 2920 1256 2976 sine
1282 2919 1494 2990 gloria:

727 3019 874 3057 nunc
902 3018 1057 3056 arma
1085 3000 1522 3072 defunctumque
1550 3000 1696 3057 bello

806 3081 1069 3138 barbiton
1096 3081 1185 3138 hic
1212 3082 1393 3153 paries
1423 3081 1670 3154 habebit,

644 3163 869 3220 laevum
894 3163 1140 3219 marinae
1168 3163 1266 3234 qui
1295 3162 1530 3218 Veneris
1556 3162 1708 3221 latus
2321 3186 2350 3234 5

645 3244 907 3303 custodit.
993 3243 1100 3314 hic,
1130 3243 1223 3300 hic
1250 3245 1442 3316 ponite
1469 3243 1656 3301 lucida

724 3326 938 3383 funalia
964 3330 1025 3383 et
1052 3330 1236 3382 vectes
1263 3330 1322 3382 et
1349 3343 1510 3382 arcus

806 3407 1076 3480 oppositis
1101 3406 1313 3464 foribus
1338 3408 1596 3467 minaces.

645 3506 679 3546 o
704 3499 846 3562 quae
872 3488 1098 3545 beatam
1126 3488 1259 3545 diva
1283 3493 1443 3545 tenes
1472 3488 1723 3561 Cyprum
1749 3496 1807 3547 et

645 3569 937 3643 Memphin
965 3576 1246 3626 carentem
1275 3568 1535 3626 Sithonia
1561 3572 1707 3644 nive,
2295 3597 2349 3626 10

723 3652 927 3724 regina,
960 3650 1188 3708 sublimi
1214 3650 1437 3721 flagello

804 3737 971 3806 tange
1001 3732 1210 3790 Chloen
1241 3732 1415 3789 semel
1441 3742 1808 3806 arrogantem.
