<?xml version="1.0" encoding="UTF-8"?>
<!DOCTYPE html PUBLIC "-//W3C//DTD XHTML 1.0 Transitional//EN"
    "http://www.w3.org/TR/xhtml1/DTD/xhtml1-transitional.dtd">
<html xmlns="http://www.w3.org/1999/xhtml" xml:lang="en" lang="en">
 <head>
  <title>
</title>
<meta http-equiv="Content-Type" content="text/html;charset=utf-8" />
  <meta name='ocr-system' content='tesseract 3.04.00' />
  <meta name='ocr-capabilities' content='ocr_page ocr_carea ocr_par ocr_line ocrx_word'/>
</head>
<body>
  <div class='ocr_page' id='page_1' title='image "./opera00pagegoog_0203.png"; bbox 0 0 2792 4334; ppageno 0'>
   <div class='ocr_carea' id='block_1_1' title="bbox 908 269 1743 323">
    <p class='ocr_par' dir='ltr' id='par_1_1' title="bbox 908 269 1743 323">
     <span class='ocr_line' id='line_1_1' title="bbox 908 269 1743 323; baseline 0.004 -4"><span class='ocrx_word' id='word_1_1' title='bbox 908 269 1397 323; x_wconf 85' lang='lat' dir='ltr'><strong>EPISTULARUM</strong></span> <span class='ocrx_word' id='word_1_2' title='bbox 1436 274 1566 323; x_wconf 90' lang='lat' dir='ltr'><strong>LIB.</strong></span> <span class='ocrx_word' id='word_1_3' title='bbox 1607 274 1675 323; x_wconf 90' lang='grc' dir='ltr'>ΙΙ.</span> <span class='ocrx_word' id='word_1_4' title='bbox 1718 276 1743 322; x_wconf 96' lang='grc'>1</span> 
     </span>
    </p>
   </div>
   <div class='ocr_carea' id='block_1_2' title="bbox 413 401 1794 1125">
    <p class='ocr_par' dir='ltr' id='par_1_2' title="bbox 413 401 1794 1125">
     <span class='ocr_line' id='line_1_2' title="bbox 419 401 1794 480; baseline 0.005 -24"><span class='ocrx_word' id='word_1_5' title='bbox 419 420 568 459; x_wconf 84' lang='grc'><strong>1111110</strong></span> <span class='ocrx_word' id='word_1_6' title='bbox 594 401 937 475; x_wconf 85' lang='lat' dir='ltr'>tibicinibus,</span> <span class='ocrx_word' id='word_1_7' title='bbox 971 422 1119 460; x_wconf 89' lang='lat' dir='ltr'>nunc</span> <span class='ocrx_word' id='word_1_8' title='bbox 1146 410 1233 461; x_wconf 89' lang='lat' dir='ltr'>est</span> <span class='ocrx_word' id='word_1_9' title='bbox 1260 409 1457 479; x_wconf 85' lang='lat' dir='ltr'>gavisa</span> <span class='ocrx_word' id='word_1_10' title='bbox 1483 406 1757 480; x_wconf 87' lang='lat' dir='ltr'>tragoedis</span> <span class='ocrx_word' id='word_1_11' title='bbox 1778 428 1794 478; x_wconf 93' lang='lat'><em>3</em></span> 
     </span>
     <span class='ocr_line' id='line_1_3' title="bbox 414 484 1714 557; baseline 0.004 -18"><span class='ocrx_word' id='word_1_12' title='bbox 414 484 522 539; x_wconf 89' lang='lat' dir='ltr'>sub</span> <span class='ocrx_word' id='word_1_13' title='bbox 551 484 772 540; x_wconf 89' lang='lat' dir='ltr'>nutrice</span> <span class='ocrx_word' id='word_1_14' title='bbox 800 485 984 556; x_wconf 91' lang='lat' dir='ltr'>puella</span> <span class='ocrx_word' id='word_1_15' title='bbox 1013 485 1169 543; x_wconf 86' lang='lat' dir='ltr'>velut</span> <span class='ocrx_word' id='word_1_16' title='bbox 1197 487 1246 543; x_wconf 93' lang='lat' dir='ltr'>si</span> <span class='ocrx_word' id='word_1_17' title='bbox 1272 487 1491 546; x_wconf 75' lang='lat' dir='ltr'>luderet</span> <span class='ocrx_word' id='word_1_18' title='bbox 1519 489 1714 557; x_wconf 75' lang='lat' dir='ltr'>infanS,</span> 
     </span>
     <span class='ocr_line' id='line_1_4' title="bbox 415 564 1713 643; baseline 0.005 -23"><span class='ocrx_word' id='word_1_19' title='bbox 415 564 569 637; x_wconf 87' lang='lat' dir='ltr'>quod</span> <span class='ocrx_word' id='word_1_20' title='bbox 595 566 798 635; x_wconf 86' lang='lat' dir='ltr'>cupide</span> <span class='ocrx_word' id='word_1_21' title='bbox 827 567 1005 638; x_wconf 88' lang='lat' dir='ltr'>petiit,</span> <span class='ocrx_word' id='word_1_22' title='bbox 1040 573 1258 625; x_wconf 88' lang='lat' dir='ltr'>mature</span> <span class='ocrx_word' id='word_1_23' title='bbox 1287 569 1454 642; x_wconf 92' lang='lat' dir='ltr'>plena</span> <span class='ocrx_word' id='word_1_24' title='bbox 1479 570 1713 643; x_wconf 89' lang='lat' dir='ltr'>reliquit.</span> 
     </span>
     <span class='ocr_line' id='line_1_5' title="bbox 415 645 1747 723; baseline 0.006 -22"><span class='ocrx_word' id='word_1_25' title='bbox 415 645 519 702; x_wconf 92' lang='lat' dir='ltr'>hoc</span> <span class='ocrx_word' id='word_1_26' title='bbox 548 662 713 718; x_wconf 89' lang='lat' dir='ltr'>paces</span> <span class='ocrx_word' id='word_1_27' title='bbox 741 646 981 704; x_wconf 85' lang='lat' dir='ltr'><strong>habuere</strong></span> <span class='ocrx_word' id='word_1_28' title='bbox 1009 648 1187 705; x_wconf 89' lang='lat' dir='ltr'>bonae</span> <span class='ocrx_word' id='word_1_29' title='bbox 1213 651 1481 723; x_wconf 87' lang='lat' dir='ltr'>ventique</span> <span class='ocrx_word' id='word_1_30' title='bbox 1508 651 1747 709; x_wconf 90' lang='lat' dir='ltr'>secundi.</span> 
     </span>
     <span class='ocr_line' id='line_1_6' title="bbox 416 726 1706 790; baseline 0.005 -6"><span class='ocrx_word' id='word_1_31' title='bbox 416 727 632 784; x_wconf 87' lang='lat' dir='ltr'>Romae</span> <span class='ocrx_word' id='word_1_32' title='bbox 660 726 820 783; x_wconf 82' lang='lat' dir='ltr'>dulce</span> <span class='ocrx_word' id='word_1_33' title='bbox 848 728 945 784; x_wconf 92' lang='lat' dir='ltr'>diu</span> <span class='ocrx_word' id='word_1_34' title='bbox 973 729 1085 786; x_wconf 89' lang='lat' dir='ltr'>fuit</span> <span class='ocrx_word' id='word_1_35' title='bbox 1115 736 1172 787; x_wconf 91' lang='lat' dir='ltr'>et</span> <span class='ocrx_word' id='word_1_36' title='bbox 1200 730 1467 789; x_wconf 89' lang='lat' dir='ltr'>sollemne</span> <span class='ocrx_word' id='word_1_37' title='bbox 1493 733 1706 790; x_wconf 86' lang='lat' dir='ltr'>reclusa</span> 
     </span>
     <span class='ocr_line' id='line_1_7' title="bbox 413 806 1713 886; baseline 0.006 -23"><span class='ocrx_word' id='word_1_38' title='bbox 413 826 578 864; x_wconf 89' lang='lat' dir='ltr'>mane</span> <span class='ocrx_word' id='word_1_39' title='bbox 608 806 776 864; x_wconf 90' lang='lat' dir='ltr'>domo</span> <span class='ocrx_word' id='word_1_40' title='bbox 803 808 1049 883; x_wconf 82' lang='lat' dir='ltr'>vigilare,</span> <span class='ocrx_word' id='word_1_41' title='bbox 1085 811 1276 868; x_wconf 88' lang='lat' dir='ltr'>clienti</span> <span class='ocrx_word' id='word_1_42' title='bbox 1304 832 1552 886; x_wconf 87' lang='lat' dir='ltr'>promere</span> <span class='ocrx_word' id='word_1_43' title='bbox 1580 816 1713 886; x_wconf 87' lang='lat' dir='ltr'>iura,</span> 
     </span>
     <span class='ocr_line' id='line_1_8' title="bbox 413 890 1788 967; baseline 0.005 -21"><span class='ocrx_word' id='word_1_44' title='bbox 413 894 611 947; x_wconf 88' lang='lat' dir='ltr'>cautos</span> <span class='ocrx_word' id='word_1_45' title='bbox 640 890 957 947; x_wconf 89' lang='lat' dir='ltr'>nominibus</span> <span class='ocrx_word' id='word_1_46' title='bbox 985 893 1154 949; x_wconf 90' lang='lat' dir='ltr'>rectis</span> <span class='ocrx_word' id='word_1_47' title='bbox 1185 894 1490 967; x_wconf 84' lang='lat' dir='ltr'>expendere</span> <span class='ocrx_word' id='word_1_48' title='bbox 1517 914 1788 966; x_wconf 90' lang='lat' dir='ltr'>nummos,</span> 
     </span>
     <span class='ocr_line' id='line_1_9' title="bbox 413 971 1646 1048; baseline 0.006 -21"><span class='ocrx_word' id='word_1_49' title='bbox 413 971 652 1027; x_wconf 90' lang='lat' dir='ltr'>maiores</span> <span class='ocrx_word' id='word_1_50' title='bbox 680 971 887 1041; x_wconf 89' lang='lat' dir='ltr'>audire,</span> <span class='ocrx_word' id='word_1_51' title='bbox 920 973 1123 1029; x_wconf 88' lang='lat' dir='ltr'>minori</span> <span class='ocrx_word' id='word_1_52' title='bbox 1154 974 1346 1047; x_wconf 83' lang='lat' dir='ltr'>dicere,</span> <span class='ocrx_word' id='word_1_53' title='bbox 1380 994 1480 1048; x_wconf 91' lang='lat' dir='ltr'>per</span> <span class='ocrx_word' id='word_1_54' title='bbox 1506 995 1646 1048; x_wconf 83' lang='lat' dir='ltr'>quae</span> 
     </span>
     <span class='ocr_line' id='line_1_10' title="bbox 414 1056 1727 1125; baseline 0.005 -17"><span class='ocrx_word' id='word_1_55' title='bbox 414 1069 658 1108; x_wconf 89' lang='lat' dir='ltr'>crescere</span> <span class='ocrx_word' id='word_1_56' title='bbox 684 1069 774 1109; x_wconf 88' lang='lat' dir='ltr'>res</span> <span class='ocrx_word' id='word_1_57' title='bbox 799 1059 1001 1125; x_wconf 88' lang='lat' dir='ltr'>posset,</span> <span class='ocrx_word' id='word_1_58' title='bbox 1038 1056 1216 1112; x_wconf 91' lang='lat' dir='ltr'>minui</span> <span class='ocrx_word' id='word_1_59' title='bbox 1246 1056 1512 1113; x_wconf 88' lang='lat' dir='ltr'>damnosa</span> <span class='ocrx_word' id='word_1_60' title='bbox 1538 1057 1727 1116; x_wconf 83' lang='lat' dir='ltr'>libido.</span> 
     </span>
    </p>
   </div>
   <div class='ocr_carea' id='block_1_3' title="bbox 412 1132 2050 1209">
    <p class='ocr_par' dir='ltr' id='par_1_3' title="bbox 412 1132 2050 1209">
     <span class='ocr_line' id='line_1_11' title="bbox 412 1132 2050 1209; baseline 0.005 -20"><span class='ocrx_word' id='word_1_61' title='bbox 412 1133 547 1205; x_wconf 91' lang='lat' dir='ltr'>quid</span> <span class='ocrx_word' id='word_1_62' title='bbox 578 1132 765 1204; x_wconf 86' lang='lat' dir='ltr'>placet</span> <span class='ocrx_word' id='word_1_63' title='bbox 793 1138 894 1190; x_wconf 90' lang='lat' dir='ltr'>aut</span> <span class='ocrx_word' id='word_1_64' title='bbox 920 1135 1048 1192; x_wconf 93' lang='lat' dir='ltr'>odio</span> <span class='ocrx_word' id='word_1_65' title='bbox 1077 1141 1178 1208; x_wconf 86' lang='lat' dir='ltr'>est,</span> <span class='ocrx_word' id='word_1_66' title='bbox 1213 1138 1358 1209; x_wconf 89' lang='lat' dir='ltr'>quod</span> <span class='ocrx_word' id='word_1_67' title='bbox 1387 1156 1499 1194; x_wconf 90' lang='grc'><strong>11011</strong></span> <span class='ocrx_word' id='word_1_68' title='bbox 1526 1139 1799 1196; x_wconf 89' lang='lat' dir='ltr'>mutabile</span> <span class='ocrx_word' id='word_1_69' title='bbox 1825 1141 2050 1198; x_wconf 60' lang='lat' dir='ltr'>creda-32</span> 
     </span>
    </p>
   </div>
   <div class='ocr_carea' id='block_1_4' title="bbox 410 1214 1895 1698">
    <p class='ocr_par' dir='ltr' id='par_1_4' title="bbox 410 1214 1895 1616">
     <span class='ocr_line' id='line_1_12' title="bbox 412 1214 1774 1289; baseline 0.005 -19"><span class='ocrx_word' id='word_1_70' title='bbox 412 1214 665 1271; x_wconf 85' lang='lat' dir='ltr'>mutavit</span> <span class='ocrx_word' id='word_1_71' title='bbox 691 1220 937 1272; x_wconf 88' lang='lat' dir='ltr'>mentem</span> <span class='ocrx_word' id='word_1_72' title='bbox 967 1217 1207 1289; x_wconf 89' lang='lat' dir='ltr'>populus</span> <span class='ocrx_word' id='word_1_73' title='bbox 1236 1217 1377 1275; x_wconf 87' lang='lat' dir='ltr'>levis</span> <span class='ocrx_word' id='word_1_74' title='bbox 1406 1224 1465 1275; x_wconf 91' lang='lat' dir='ltr'>et</span> <span class='ocrx_word' id='word_1_75' title='bbox 1492 1220 1635 1277; x_wconf 89' lang='lat' dir='ltr'>calet</span> <span class='ocrx_word' id='word_1_76' title='bbox 1662 1239 1774 1277; x_wconf 94' lang='lat' dir='ltr'>uno</span> 
     </span>
     <span class='ocr_line' id='line_1_13' title="bbox 412 1295 1680 1372; baseline 0.006 -21"><span class='ocrx_word' id='word_1_77' title='bbox 412 1295 695 1352; x_wconf 88' lang='lat' dir='ltr'>scribendi</span> <span class='ocrx_word' id='word_1_78' title='bbox 723 1296 944 1355; x_wconf 89' lang='lat' dir='ltr'>studio:</span> <span class='ocrx_word' id='word_1_79' title='bbox 990 1299 1149 1369; x_wconf 88' lang='lat' dir='ltr'>pueri</span> <span class='ocrx_word' id='word_1_80' title='bbox 1179 1305 1473 1372; x_wconf 87' lang='lat' dir='ltr'>patresque</span> <span class='ocrx_word' id='word_1_81' title='bbox 1502 1302 1680 1358; x_wconf 81' lang='lat' dir='ltr'>severi</span> 
     </span>
     <span class='ocr_line' id='line_1_14' title="bbox 412 1376 1882 1441; baseline 0.005 -9"><span class='ocrx_word' id='word_1_82' title='bbox 412 1376 611 1433; x_wconf 89' lang='lat' dir='ltr'>fronde</span> <span class='ocrx_word' id='word_1_83' title='bbox 640 1395 826 1434; x_wconf 87' lang='lat' dir='ltr'>eomas</span> <span class='ocrx_word' id='word_1_84' title='bbox 853 1379 1031 1435; x_wconf 85' lang='lat' dir='ltr'>vincti</span> <span class='ocrx_word' id='word_1_85' title='bbox 1061 1386 1262 1438; x_wconf 89' lang='lat' dir='ltr'>cenant</span> <span class='ocrx_word' id='word_1_86' title='bbox 1289 1386 1348 1438; x_wconf 89' lang='lat' dir='ltr'>et</span> <span class='ocrx_word' id='word_1_87' title='bbox 1376 1383 1624 1439; x_wconf 87' lang='lat' dir='ltr'>carmina</span> <span class='ocrx_word' id='word_1_88' title='bbox 1649 1383 1882 1441; x_wconf 89' lang='lat' dir='ltr'>dictant.</span> 
     </span>
     <span class='ocr_line' id='line_1_15' title="bbox 410 1459 1895 1536; baseline 0.005 -23"><span class='ocrx_word' id='word_1_89' title='bbox 410 1459 531 1530; x_wconf 90' lang='lat' dir='ltr'>ipse</span> <span class='ocrx_word' id='word_1_90' title='bbox 559 1476 678 1530; x_wconf 89' lang='lat' dir='ltr'>eg0,</span> <span class='ocrx_word' id='word_1_91' title='bbox 709 1460 806 1531; x_wconf 93' lang='lat' dir='ltr'>qui</span> <span class='ocrx_word' id='word_1_92' title='bbox 832 1459 1017 1517; x_wconf 77' lang='lat' dir='ltr'>nullos</span> <span class='ocrx_word' id='word_1_93' title='bbox 1047 1479 1137 1518; x_wconf 90' lang='lat' dir='ltr'>me</span> <span class='ocrx_word' id='word_1_94' title='bbox 1166 1462 1400 1520; x_wconf 88' lang='lat' dir='ltr'>adfirmo</span> <span class='ocrx_word' id='word_1_95' title='bbox 1427 1464 1663 1521; x_wconf 88' lang='lat' dir='ltr'>scribere</span> <span class='ocrx_word' id='word_1_96' title='bbox 1690 1482 1895 1536; x_wconf 75' lang='lat' dir='ltr'>versuS‚</span> 
     </span>
     <span class='ocr_line' id='line_1_16' title="bbox 411 1539 1688 1616; baseline 0.005 -21"><span class='ocrx_word' id='word_1_97' title='bbox 411 1540 670 1596; x_wconf 87' lang='lat' dir='ltr'>invenior</span> <span class='ocrx_word' id='word_1_98' title='bbox 698 1539 923 1597; x_wconf 88' lang='lat' dir='ltr'>Parthis</span> <span class='ocrx_word' id='word_1_99' title='bbox 951 1543 1270 1600; x_wconf 82' lang='lat' dir='ltr'>mendacior</span> <span class='ocrx_word' id='word_1_100' title='bbox 1298 1549 1355 1600; x_wconf 91' lang='lat' dir='ltr'>et</span> <span class='ocrx_word' id='word_1_101' title='bbox 1384 1545 1537 1616; x_wconf 90' lang='lat' dir='ltr'>prius</span> <span class='ocrx_word' id='word_1_102' title='bbox 1566 1550 1688 1602; x_wconf 91' lang='lat' dir='ltr'>orto</span> 
     </span>
    </p>

    <p class='ocr_par' dir='ltr' id='par_1_5' title="bbox 412 1620 1859 1698">
     <span class='ocr_line' id='line_1_17' title="bbox 412 1620 1859 1698; baseline 0.005 -22"><span class='ocrx_word' id='word_1_103' title='bbox 412 1621 527 1677; x_wconf 92' lang='lat' dir='ltr'>sole</span> <span class='ocrx_word' id='word_1_104' title='bbox 555 1620 696 1692; x_wconf 84' lang='lat' dir='ltr'>vigil</span> <span class='ocrx_word' id='word_1_105' title='bbox 724 1622 1000 1679; x_wconf 86' lang='lat' dir='ltr'>calamum</span> <span class='ocrx_word' id='word_1_106' title='bbox 1033 1628 1090 1680; x_wconf 88' lang='lat' dir='ltr'>et</span> <span class='ocrx_word' id='word_1_107' title='bbox 1120 1624 1339 1682; x_wconf 86' lang='lat' dir='ltr'>chartas</span> <span class='ocrx_word' id='word_1_108' title='bbox 1368 1631 1428 1683; x_wconf 89' lang='lat' dir='ltr'>et</span> <span class='ocrx_word' id='word_1_109' title='bbox 1455 1627 1658 1683; x_wconf 90' lang='lat' dir='ltr'>scrinia</span> <span class='ocrx_word' id='word_1_110' title='bbox 1682 1644 1859 1698; x_wconf 82' lang='lat' dir='ltr'>posco,</span> 
     </span>
    </p>
   </div>
   <div class='ocr_carea' id='block_1_5' title="bbox 410 1704 2086 1860">
    <p class='ocr_par' dir='ltr' id='par_1_6' title="bbox 410 1704 2086 1860">
     <span class='ocr_line' id='line_1_18' title="bbox 410 1704 2081 1780; baseline 0.004 -22"><span class='ocrx_word' id='word_1_111' title='bbox 410 1720 618 1758; x_wconf 86' lang='lat' dir='ltr'>navem</span> <span class='ocrx_word' id='word_1_112' title='bbox 645 1720 808 1774; x_wconf 86' lang='lat' dir='ltr'>agere</span> <span class='ocrx_word' id='word_1_113' title='bbox 834 1704 1061 1776; x_wconf 87' lang='lat' dir='ltr'>ignarus</span> <span class='ocrx_word' id='word_1_114' title='bbox 1092 1706 1252 1762; x_wconf 82' lang='lat' dir='ltr'>navis</span> <span class='ocrx_word' id='word_1_115' title='bbox 1280 1707 1482 1779; x_wconf 88' lang='lat' dir='ltr'>timet3</span> <span class='ocrx_word' id='word_1_116' title='bbox 1524 1707 1894 1763; x_wconf 77' lang='lat' dir='ltr'>habrotonum</span> <span class='ocrx_word' id='word_1_117' title='bbox 1921 1726 2081 1780; x_wconf 85' lang='lat' dir='ltr'>aegro</span> 
     </span>
     <span class='ocr_line' id='line_1_19' title="bbox 412 1783 2086 1860; baseline 0.004 -22"><span class='ocrx_word' id='word_1_118' title='bbox 412 1802 525 1839; x_wconf 89' lang='lat' dir='ltr'>non</span> <span class='ocrx_word' id='word_1_119' title='bbox 553 1783 727 1840; x_wconf 85' lang='lat' dir='ltr'>audet</span> <span class='ocrx_word' id='word_1_120' title='bbox 756 1786 866 1841; x_wconf 86' lang='lat' dir='ltr'>nisi</span> <span class='ocrx_word' id='word_1_121' title='bbox 892 1786 990 1857; x_wconf 91' lang='lat' dir='ltr'>qui</span> <span class='ocrx_word' id='word_1_122' title='bbox 1024 1786 1220 1844; x_wconf 89' lang='lat' dir='ltr'>didicit</span> <span class='ocrx_word' id='word_1_123' title='bbox 1249 1787 1380 1844; x_wconf 89' lang='lat' dir='ltr'>dare</span> <span class='ocrx_word' id='word_1_124' title='bbox 1400 1808 1417 1860; x_wconf 91' lang='lat'><em>3</em></span> <span class='ocrx_word' id='word_1_125' title='bbox 1459 1788 1607 1860; x_wconf 89' lang='lat' dir='ltr'>quod</span> <span class='ocrx_word' id='word_1_126' title='bbox 1636 1788 1971 1845; x_wconf 89' lang='lat' dir='ltr'>medicorum</span> <span class='ocrx_word' id='word_1_127' title='bbox 2001 1795 2086 1846; x_wconf 88' lang='lat' dir='ltr'>est</span> 
     </span>
    </p>
   </div>
   <div class='ocr_carea' id='block_1_6' title="bbox 409 1866 1838 2184">
    <p class='ocr_par' dir='ltr' id='par_1_7' title="bbox 409 1866 1838 2184">
     <span class='ocr_line' id='line_1_20' title="bbox 412 1866 1770 1939; baseline 0.005 -19"><span class='ocrx_word' id='word_1_128' title='bbox 412 1866 758 1937; x_wconf 90' lang='lat' dir='ltr'>promittunt</span> <span class='ocrx_word' id='word_1_129' title='bbox 786 1866 985 1923; x_wconf 91' lang='lat' dir='ltr'>medici</span> <span class='ocrx_word' id='word_1_130' title='bbox 1007 1887 1024 1939; x_wconf 95' lang='lat'><em>3</em></span> <span class='ocrx_word' id='word_1_131' title='bbox 1069 1873 1316 1925; x_wconf 87' lang='lat' dir='ltr'>tractant</span> <span class='ocrx_word' id='word_1_132' title='bbox 1341 1868 1566 1926; x_wconf 87' lang='lat' dir='ltr'>fabrilia</span> <span class='ocrx_word' id='word_1_133' title='bbox 1594 1869 1736 1926; x_wconf 85' lang='lat' dir='ltr'>fabri</span> <span class='ocrx_word' id='word_1_134' title='bbox 1759 1892 1770 1927; x_wconf 78' lang='grc' dir='ltr'>ε</span> 
     </span>
     <span class='ocr_line' id='line_1_21' title="bbox 412 1946 1778 2023; baseline 0.004 -21"><span class='ocrx_word' id='word_1_135' title='bbox 412 1946 710 2003; x_wconf 81' lang='lat' dir='ltr'>scribimus</span> <span class='ocrx_word' id='word_1_136' title='bbox 739 1947 950 2004; x_wconf 87' lang='lat' dir='ltr'>indocti</span> <span class='ocrx_word' id='word_1_137' title='bbox 982 1948 1245 2022; x_wconf 89' lang='lat' dir='ltr'>doctique</span> <span class='ocrx_word' id='word_1_138' title='bbox 1271 1955 1530 2022; x_wconf 84' lang='lat' dir='ltr'>poemata</span> <span class='ocrx_word' id='word_1_139' title='bbox 1557 1952 1778 2023; x_wconf 90' lang='lat' dir='ltr'>passim.</span> 
     </span>
     <span class='ocr_line' id='line_1_22' title="bbox 414 2028 1838 2104; baseline 0.004 -21"><span class='ocrx_word' id='word_1_140' title='bbox 414 2028 502 2084; x_wconf 91' lang='lat' dir='ltr'>hic</span> <span class='ocrx_word' id='word_1_141' title='bbox 530 2045 684 2084; x_wconf 89' lang='lat' dir='ltr'>error</span> <span class='ocrx_word' id='word_1_142' title='bbox 711 2033 902 2086; x_wconf 90' lang='lat' dir='ltr'>tamen</span> <span class='ocrx_word' id='word_1_143' title='bbox 931 2034 989 2086; x_wconf 91' lang='lat' dir='ltr'>et</span> <span class='ocrx_word' id='word_1_144' title='bbox 1022 2030 1161 2086; x_wconf 88' lang='lat' dir='ltr'>levis</span> <span class='ocrx_word' id='word_1_145' title='bbox 1190 2030 1325 2088; x_wconf 87' lang='lat' dir='ltr'>haec</span> <span class='ocrx_word' id='word_1_146' title='bbox 1351 2032 1572 2088; x_wconf 88' lang='lat' dir='ltr'>insania</span> <span class='ocrx_word' id='word_1_147' title='bbox 1599 2038 1838 2104; x_wconf 87' lang='lat' dir='ltr'>quantas</span> 
     </span>
     <span class='ocr_line' id='line_1_23' title="bbox 409 2109 1726 2184; baseline 0.005 -19"><span class='ocrx_word' id='word_1_148' title='bbox 409 2109 658 2166; x_wconf 87' lang='lat' dir='ltr'>virtutes</span> <span class='ocrx_word' id='word_1_149' title='bbox 686 2109 906 2180; x_wconf 90' lang='lat' dir='ltr'>habeat,</span> <span class='ocrx_word' id='word_1_150' title='bbox 940 2110 1021 2167; x_wconf 91' lang='lat' dir='ltr'>sic</span> <span class='ocrx_word' id='word_1_151' title='bbox 1050 2111 1261 2184; x_wconf 86' lang='lat' dir='ltr'>collige.</span> <span class='ocrx_word' id='word_1_152' title='bbox 1348 2114 1498 2170; x_wconf 86' lang='lat' dir='ltr'>vatis</span> <span class='ocrx_word' id='word_1_153' title='bbox 1524 2132 1726 2170; x_wconf 87' lang='lat' dir='ltr'>avarus</span> 
     </span>
    </p>
   </div>
   <div class='ocr_carea' id='block_1_7' title="bbox 412 2192 2196 2270">
    <p class='ocr_par' dir='ltr' id='par_1_8' title="bbox 412 2192 2196 2270">
     <span class='ocr_line' id='line_1_24' title="bbox 412 2192 2196 2270; baseline 0.004 -24"><span class='ocrx_word' id='word_1_154' title='bbox 412 2209 523 2246; x_wconf 91' lang='lat' dir='ltr'>non</span> <span class='ocrx_word' id='word_1_155' title='bbox 554 2195 767 2247; x_wconf 89' lang='lat' dir='ltr'>temere</span> <span class='ocrx_word' id='word_1_156' title='bbox 795 2196 881 2248; x_wconf 89' lang='lat' dir='ltr'>est</span> <span class='ocrx_word' id='word_1_157' title='bbox 907 2192 1130 2249; x_wconf 86' lang='lat' dir='ltr'>animus</span> <span class='ocrx_word' id='word_1_158' title='bbox 1150 2215 1168 2266; x_wconf 98' lang='lat'><em>3</em></span> <span class='ocrx_word' id='word_1_159' title='bbox 1210 2211 1403 2251; x_wconf 86' lang='lat' dir='ltr'>versus</span> <span class='ocrx_word' id='word_1_160' title='bbox 1432 2200 1599 2267; x_wconf 88' lang='lat' dir='ltr'>amat,</span> <span class='ocrx_word' id='word_1_161' title='bbox 1632 2195 1736 2252; x_wconf 90' lang='lat' dir='ltr'>hoc</span> <span class='ocrx_word' id='word_1_162' title='bbox 1763 2196 1955 2253; x_wconf 89' lang='lat' dir='ltr'>studet</span> <span class='ocrx_word' id='word_1_163' title='bbox 1979 2215 2153 2253; x_wconf 88' lang='lat' dir='ltr'>unum</span> <span class='ocrx_word' id='word_1_164' title='bbox 2179 2220 2196 2270; x_wconf 91' lang='lat'><em>3</em></span> 
     </span>
    </p>
   </div>
   <div class='ocr_carea' id='block_1_8' title="bbox 411 2271 1875 2753">
    <p class='ocr_par' dir='ltr' id='par_1_9' title="bbox 411 2271 1875 2753">
     <span class='ocr_line' id='line_1_25' title="bbox 413 2271 1793 2348; baseline 0.005 -22"><span class='ocrx_word' id='word_1_165' title='bbox 413 2271 769 2342; x_wconf 89' lang='lat' dir='ltr'>detrimenta,</span> <span class='ocrx_word' id='word_1_166' title='bbox 802 2272 963 2345; x_wconf 87' lang='lat' dir='ltr'>fugas</span> <span class='ocrx_word' id='word_1_167' title='bbox 995 2291 1297 2345; x_wconf 83' lang='lat' dir='ltr'>servorum,</span> <span class='ocrx_word' id='word_1_168' title='bbox 1329 2275 1585 2332; x_wconf 88' lang='lat' dir='ltr'>incendia</span> <span class='ocrx_word' id='word_1_169' title='bbox 1612 2276 1757 2333; x_wconf 89' lang='lat' dir='ltr'>ridet</span> <span class='ocrx_word' id='word_1_170' title='bbox 1776 2298 1793 2348; x_wconf 88' lang='grc'><em>3</em></span> 
     </span>
     <span class='ocr_line' id='line_1_26' title="bbox 411 2352 1752 2428; baseline 0.004 -20"><span class='ocrx_word' id='word_1_171' title='bbox 411 2370 523 2409; x_wconf 90' lang='grc'><strong>11011</strong></span> <span class='ocrx_word' id='word_1_172' title='bbox 551 2352 810 2410; x_wconf 76' lang='lat' dir='ltr'>fraudem</span> <span class='ocrx_word' id='word_1_173' title='bbox 837 2355 982 2411; x_wconf 88' lang='lat' dir='ltr'>socio</span> <span class='ocrx_word' id='word_1_174' title='bbox 1015 2373 1255 2427; x_wconf 85' lang='lat' dir='ltr'>puerove</span> <span class='ocrx_word' id='word_1_175' title='bbox 1281 2356 1552 2428; x_wconf 81' lang='lat' dir='ltr'>incogitat</span> <span class='ocrx_word' id='word_1_176' title='bbox 1580 2357 1752 2413; x_wconf 87' lang='lat' dir='ltr'>ullam</span> 
     </span>
     <span class='ocr_line' id='line_1_27' title="bbox 411 2433 1664 2510; baseline 0.005 -21"><span class='ocrx_word' id='word_1_177' title='bbox 411 2433 629 2505; x_wconf 91' lang='lat' dir='ltr'>pupillo</span> <span class='ocrx_word' id='word_1_178' title='bbox 651 2455 669 2507; x_wconf 94' lang='grc'><em>3</em></span> <span class='ocrx_word' id='word_1_179' title='bbox 710 2434 856 2490; x_wconf 84' lang='lat' dir='ltr'>vivit</span> <span class='ocrx_word' id='word_1_180' title='bbox 884 2435 1105 2508; x_wconf 82' lang='lat' dir='ltr'>siliquis</span> <span class='ocrx_word' id='word_1_181' title='bbox 1133 2441 1192 2493; x_wconf 90' lang='lat' dir='ltr'>et</span> <span class='ocrx_word' id='word_1_182' title='bbox 1220 2455 1361 2509; x_wconf 87' lang='lat' dir='ltr'>pane</span> <span class='ocrx_word' id='word_1_183' title='bbox 1390 2438 1664 2510; x_wconf 89' lang='lat' dir='ltr'>secundo3</span> 
     </span>
     <span class='ocr_line' id='line_1_28' title="bbox 411 2515 1875 2591; baseline 0.003 -21"><span class='ocrx_word' id='word_1_184' title='bbox 411 2515 653 2571; x_wconf 88' lang='lat' dir='ltr'>militiae</span> <span class='ocrx_word' id='word_1_185' title='bbox 681 2533 1022 2588; x_wconf 88' lang='lat' dir='ltr'>quamquam</span> <span class='ocrx_word' id='word_1_186' title='bbox 1054 2518 1209 2589; x_wconf 89' lang='lat' dir='ltr'>piger</span> <span class='ocrx_word' id='word_1_187' title='bbox 1237 2523 1294 2574; x_wconf 88' lang='lat' dir='ltr'>et</span> <span class='ocrx_word' id='word_1_188' title='bbox 1321 2518 1517 2590; x_wconf 68' lang='lat' dir='ltr'>malm,</span> <span class='ocrx_word' id='word_1_189' title='bbox 1549 2520 1707 2576; x_wconf 86' lang='lat' dir='ltr'>utilis</span> <span class='ocrx_word' id='word_1_190' title='bbox 1735 2521 1875 2591; x_wconf 87' lang='lat' dir='ltr'>urbi,</span> 
     </span>
     <span class='ocr_line' id='line_1_29' title="bbox 411 2596 1852 2672; baseline 0.004 -20"><span class='ocrx_word' id='word_1_191' title='bbox 411 2596 461 2652; x_wconf 89' lang='lat' dir='ltr'>si</span> <span class='ocrx_word' id='word_1_192' title='bbox 489 2596 591 2653; x_wconf 83' lang='lat' dir='ltr'>das</span> <span class='ocrx_word' id='word_1_193' title='bbox 621 2596 742 2669; x_wconf 90' lang='lat' dir='ltr'>hoc,</span> <span class='ocrx_word' id='word_1_194' title='bbox 773 2597 960 2670; x_wconf 87' lang='lat' dir='ltr'>parvis</span> <span class='ocrx_word' id='word_1_195' title='bbox 990 2616 1211 2670; x_wconf 89' lang='lat' dir='ltr'>quoque</span> <span class='ocrx_word' id='word_1_196' title='bbox 1239 2599 1403 2656; x_wconf 91' lang='lat' dir='ltr'>rebus</span> <span class='ocrx_word' id='word_1_197' title='bbox 1430 2618 1633 2672; x_wconf 84' lang='lat' dir='ltr'>magna</span> <span class='ocrx_word' id='word_1_198' title='bbox 1657 2602 1852 2658; x_wconf 86' lang='lat' dir='ltr'>iuvari.</span> 
     </span>
     <span class='ocr_line' id='line_1_30' title="bbox 412 2678 1755 2753; baseline 0.003 -18"><span class='ocrx_word' id='word_1_199' title='bbox 412 2696 474 2735; x_wconf 86' lang='lat' dir='ltr'>os</span> <span class='ocrx_word' id='word_1_200' title='bbox 502 2683 763 2735; x_wconf 90' lang='lat' dir='ltr'>tenerum</span> <span class='ocrx_word' id='word_1_201' title='bbox 790 2679 947 2750; x_wconf 88' lang='lat' dir='ltr'>pueri</span> <span class='ocrx_word' id='word_1_202' title='bbox 977 2678 1316 2752; x_wconf 86' lang='lat' dir='ltr'>balbumque</span> <span class='ocrx_word' id='word_1_203' title='bbox 1341 2685 1510 2753; x_wconf 83' lang='lat' dir='ltr'>poeta</span> <span class='ocrx_word' id='word_1_204' title='bbox 1534 2681 1755 2753; x_wconf 86' lang='lat' dir='ltr'>figurat,</span> 
     </span>
    </p>
   </div>
   <div class='ocr_carea' id='block_1_9' title="bbox 412 2759 1954 2833">
    <p class='ocr_par' dir='ltr' id='par_1_10' title="bbox 412 2759 1954 2833">
     <span class='ocr_line' id='line_1_31' title="bbox 412 2759 1954 2833; baseline 0.001 -16"><span class='ocrx_word' id='word_1_205' title='bbox 412 2764 641 2832; x_wconf 80' lang='lat' dir='ltr'>torquet</span> <span class='ocrx_word' id='word_1_206' title='bbox 669 2759 744 2816; x_wconf 92' lang='lat' dir='ltr'>ab</span> <span class='ocrx_word' id='word_1_207' title='bbox 772 2759 1022 2817; x_wconf 87' lang='lat' dir='ltr'>obscenis</span> <span class='ocrx_word' id='word_1_208' title='bbox 1051 2760 1167 2817; x_wconf 87' lang='lat' dir='ltr'>iam</span> <span class='ocrx_word' id='word_1_209' title='bbox 1195 2779 1340 2820; x_wconf 87' lang='lat' dir='ltr'>nunc</span> <span class='ocrx_word' id='word_1_210' title='bbox 1369 2763 1717 2819; x_wconf 87' lang='lat' dir='ltr'>sermonibus</span> <span class='ocrx_word' id='word_1_211' title='bbox 1744 2781 1954 2833; x_wconf 89' lang='lat' dir='ltr'>aurem,</span> 
     </span>
    </p>
   </div>
   <div class='ocr_carea' id='block_1_10' title="bbox 411 2841 1915 3566">
    <p class='ocr_par' dir='ltr' id='par_1_11' title="bbox 411 2841 1775 2996">
     <span class='ocr_line' id='line_1_32' title="bbox 412 2841 1775 2916; baseline 0.002 -19"><span class='ocrx_word' id='word_1_212' title='bbox 412 2859 545 2898; x_wconf 88' lang='lat' dir='ltr'>mox</span> <span class='ocrx_word' id='word_1_213' title='bbox 572 2841 748 2897; x_wconf 90' lang='lat' dir='ltr'>etiam</span> <span class='ocrx_word' id='word_1_214' title='bbox 775 2845 969 2913; x_wconf 87' lang='lat' dir='ltr'>pectus</span> <span class='ocrx_word' id='word_1_215' title='bbox 999 2843 1308 2915; x_wconf 84' lang='lat' dir='ltr'>praeceptis</span> <span class='ocrx_word' id='word_1_216' title='bbox 1333 2843 1541 2900; x_wconf 85' lang='lat' dir='ltr'>format</span> <span class='ocrx_word' id='word_1_217' title='bbox 1568 2844 1775 2916; x_wconf 88' lang='lat' dir='ltr'>amicis,</span> 
     </span>
     <span class='ocr_line' id='line_1_33' title="bbox 411 2922 1634 2996; baseline 0.002 -18"><span class='ocrx_word' id='word_1_218' title='bbox 411 2922 737 2994; x_wconf 87' lang='lat' dir='ltr'>asperitatis</span> <span class='ocrx_word' id='word_1_219' title='bbox 764 2927 824 2979; x_wconf 91' lang='lat' dir='ltr'>et</span> <span class='ocrx_word' id='word_1_220' title='bbox 849 2922 1095 2981; x_wconf 83' lang='lat' dir='ltr'>invidiae</span> <span class='ocrx_word' id='word_1_221' title='bbox 1121 2930 1392 2982; x_wconf 88' lang='lat' dir='ltr'>corrector</span> <span class='ocrx_word' id='word_1_222' title='bbox 1422 2929 1480 2981; x_wconf 89' lang='lat' dir='ltr'>et</span> <span class='ocrx_word' id='word_1_223' title='bbox 1505 2925 1634 2996; x_wconf 87' lang='lat' dir='ltr'>irae,</span> 
     </span>
    </p>

    <p class='ocr_par' dir='ltr' id='par_1_12' title="bbox 411 3003 1809 3240">
     <span class='ocr_line' id='line_1_34' title="bbox 411 3003 1679 3079; baseline 0.003 -20"><span class='ocrx_word' id='word_1_224' title='bbox 411 3007 562 3060; x_wconf 88' lang='lat' dir='ltr'>recte</span> <span class='ocrx_word' id='word_1_225' title='bbox 590 3003 745 3061; x_wconf 87' lang='lat' dir='ltr'>facta</span> <span class='ocrx_word' id='word_1_226' title='bbox 771 3004 955 3077; x_wconf 84' lang='lat' dir='ltr'>refert,</span> <span class='ocrx_word' id='word_1_227' title='bbox 991 3005 1229 3062; x_wconf 87' lang='lat' dir='ltr'>orientia</span> <span class='ocrx_word' id='word_1_228' title='bbox 1253 3010 1505 3079; x_wconf 87' lang='lat' dir='ltr'>tempora</span> <span class='ocrx_word' id='word_1_229' title='bbox 1532 3006 1679 3063; x_wconf 83' lang='lat' dir='ltr'>notis</span> 
     </span>
     <span class='ocr_line' id='line_1_35' title="bbox 412 3085 1809 3160; baseline 0.003 -19"><span class='ocrx_word' id='word_1_230' title='bbox 412 3085 650 3142; x_wconf 85' lang='lat' dir='ltr'>instruit</span> <span class='ocrx_word' id='word_1_231' title='bbox 677 3085 962 3159; x_wconf 84' lang='lat' dir='ltr'>exemplis,</span> <span class='ocrx_word' id='word_1_232' title='bbox 994 3086 1217 3159; x_wconf 88' lang='lat' dir='ltr'>inopem</span> <span class='ocrx_word' id='word_1_233' title='bbox 1244 3086 1458 3144; x_wconf 88' lang='lat' dir='ltr'>solatur</span> <span class='ocrx_word' id='word_1_234' title='bbox 1484 3091 1542 3144; x_wconf 89' lang='lat' dir='ltr'>et</span> <span class='ocrx_word' id='word_1_235' title='bbox 1569 3105 1809 3160; x_wconf 86' lang='lat' dir='ltr'>aegmm.</span> 
     </span>
     <span class='ocr_line' id='line_1_36' title="bbox 413 3167 1612 3240; baseline 0.003 -18"><span class='ocrx_word' id='word_1_236' title='bbox 413 3167 583 3223; x_wconf 85' lang='lat' dir='ltr'>castis</span> <span class='ocrx_word' id='word_1_237' title='bbox 615 3185 742 3224; x_wconf 85' lang='lat' dir='ltr'>cum</span> <span class='ocrx_word' id='word_1_238' title='bbox 771 3167 956 3240; x_wconf 87' lang='lat' dir='ltr'>pueris</span> <span class='ocrx_word' id='word_1_239' title='bbox 983 3167 1182 3240; x_wconf 84' lang='lat' dir='ltr'>ignara</span> <span class='ocrx_word' id='word_1_240' title='bbox 1208 3168 1394 3239; x_wconf 90' lang='lat' dir='ltr'>puella</span> <span class='ocrx_word' id='word_1_241' title='bbox 1422 3169 1612 3226; x_wconf 88' lang='lat' dir='ltr'>mariti</span> 
     </span>
    </p>

    <p class='ocr_par' dir='ltr' id='par_1_13' title="bbox 411 3247 1915 3566">
     <span class='ocr_line' id='line_1_37' title="bbox 413 3247 1880 3321; baseline 0.001 -17"><span class='ocrx_word' id='word_1_242' title='bbox 413 3247 656 3305; x_wconf 89' lang='lat' dir='ltr'>disceret</span> <span class='ocrx_word' id='word_1_243' title='bbox 683 3248 832 3305; x_wconf 90' lang='lat' dir='ltr'>unde</span> <span class='ocrx_word' id='word_1_244' title='bbox 859 3266 1062 3321; x_wconf 85' lang='lat' dir='ltr'>preces,</span> <span class='ocrx_word' id='word_1_245' title='bbox 1094 3252 1286 3305; x_wconf 88' lang='lat' dir='ltr'>vatem</span> <span class='ocrx_word' id='word_1_246' title='bbox 1313 3250 1374 3305; x_wconf 93' lang='lat' dir='ltr'>ni</span> <span class='ocrx_word' id='word_1_247' title='bbox 1402 3249 1571 3306; x_wconf 87' lang='lat' dir='ltr'>Musa</span> <span class='ocrx_word' id='word_1_248' title='bbox 1599 3250 1880 3307; x_wconf 72' lang='lat' dir='ltr'>dedisset?</span> 
     </span>
     <span class='ocr_line' id='line_1_38' title="bbox 412 3330 1915 3402; baseline 0 -16"><span class='ocrx_word' id='word_1_249' title='bbox 412 3330 597 3401; x_wconf 86' lang='lat' dir='ltr'>poscit</span> <span class='ocrx_word' id='word_1_250' title='bbox 624 3348 787 3402; x_wconf 91' lang='lat' dir='ltr'>opem</span> <span class='ocrx_word' id='word_1_251' title='bbox 815 3330 1013 3387; x_wconf 89' lang='lat' dir='ltr'>chorus</span> <span class='ocrx_word' id='word_1_252' title='bbox 1043 3333 1102 3386; x_wconf 89' lang='lat' dir='ltr'>et</span> <span class='ocrx_word' id='word_1_253' title='bbox 1127 3331 1446 3402; x_wconf 87' lang='lat' dir='ltr'>praesentia</span> <span class='ocrx_word' id='word_1_254' title='bbox 1472 3331 1701 3387; x_wconf 88' lang='lat' dir='ltr'>numina</span> <span class='ocrx_word' id='word_1_255' title='bbox 1727 3332 1915 3401; x_wconf 86' lang='lat' dir='ltr'>sentit,</span> 
     </span>
     <span class='ocr_line' id='line_1_39' title="bbox 411 3409 1818 3484; baseline -0.001 -16"><span class='ocrx_word' id='word_1_256' title='bbox 411 3410 683 3468; x_wconf 83' lang='lat' dir='ltr'>caelestes</span> <span class='ocrx_word' id='word_1_257' title='bbox 711 3411 954 3483; x_wconf 87' lang='lat' dir='ltr'>inplorat</span> <span class='ocrx_word' id='word_1_258' title='bbox 980 3428 1157 3484; x_wconf 88' lang='lat' dir='ltr'>aquas</span> <span class='ocrx_word' id='word_1_259' title='bbox 1184 3409 1348 3468; x_wconf 87' lang='lat' dir='ltr'>docta</span> <span class='ocrx_word' id='word_1_260' title='bbox 1375 3429 1536 3483; x_wconf 89' lang='lat' dir='ltr'>prece</span> <span class='ocrx_word' id='word_1_261' title='bbox 1561 3411 1818 3484; x_wconf 89' lang='lat' dir='ltr'>blandus,</span> 
     </span>
     <span class='ocr_line' id='line_1_40' title="bbox 411 3491 1695 3566; baseline 0 -18"><span class='ocrx_word' id='word_1_262' title='bbox 411 3493 626 3549; x_wconf 85' lang='lat' dir='ltr'>avertit</span> <span class='ocrx_word' id='word_1_263' title='bbox 654 3494 887 3566; x_wconf 90' lang='lat' dir='ltr'>morbos,</span> <span class='ocrx_word' id='word_1_264' title='bbox 920 3491 1224 3551; x_wconf 86' lang='lat' dir='ltr'>metuenda</span> <span class='ocrx_word' id='word_1_265' title='bbox 1249 3492 1495 3565; x_wconf 90' lang='lat' dir='ltr'>pericula</span> <span class='ocrx_word' id='word_1_266' title='bbox 1520 3492 1695 3565; x_wconf 90' lang='lat' dir='ltr'>pellit,</span> 
     </span>
    </p>
   </div>
   <div class='ocr_carea' id='block_1_11' title="bbox 410 3571 1973 3649">
    <p class='ocr_par' dir='ltr' id='par_1_14' title="bbox 410 3571 1973 3649">
     <span class='ocr_line' id='line_1_41' title="bbox 410 3571 1973 3649; baseline 0.001 -20"><span class='ocrx_word' id='word_1_267' title='bbox 410 3571 667 3645; x_wconf 88' lang='lat' dir='ltr'>inpetrat</span> <span class='ocrx_word' id='word_1_268' title='bbox 694 3580 754 3633; x_wconf 91' lang='lat' dir='ltr'>et</span> <span class='ocrx_word' id='word_1_269' title='bbox 780 3594 967 3649; x_wconf 87' lang='lat' dir='ltr'>pacem</span> <span class='ocrx_word' id='word_1_270' title='bbox 1000 3579 1061 3632; x_wconf 87' lang='lat' dir='ltr'>et</span> <span class='ocrx_word' id='word_1_271' title='bbox 1089 3573 1424 3645; x_wconf 89' lang='lat' dir='ltr'>locupletem</span> <span class='ocrx_word' id='word_1_272' title='bbox 1453 3573 1704 3645; x_wconf 86' lang='lat' dir='ltr'>frugibus</span> <span class='ocrx_word' id='word_1_273' title='bbox 1731 3590 1973 3630; x_wconf 87' lang='lat' dir='ltr'>annum:</span> 
     </span>
    </p>
   </div>
   <div class='ocr_carea' id='block_1_12' title="bbox 411 3655 1808 3816">
    <p class='ocr_par' dir='ltr' id='par_1_15' title="bbox 411 3655 1808 3816">
     <span class='ocr_line' id='line_1_42' title="bbox 411 3655 1808 3733; baseline -0.004 -17"><span class='ocrx_word' id='word_1_274' title='bbox 411 3660 661 3717; x_wconf 89' lang='lat' dir='ltr'>carmine</span> <span class='ocrx_word' id='word_1_275' title='bbox 688 3658 747 3716; x_wconf 90' lang='lat' dir='ltr'>di</span> <span class='ocrx_word' id='word_1_276' title='bbox 775 3660 960 3732; x_wconf 79' lang='lat' dir='ltr'>superi</span> <span class='ocrx_word' id='word_1_277' title='bbox 987 3658 1298 3733; x_wconf 88' lang='lat' dir='ltr'>placantur,</span> <span class='ocrx_word' id='word_1_278' title='bbox 1331 3656 1576 3714; x_wconf 86' lang='lat' dir='ltr'>carmine</span> <span class='ocrx_word' id='word_1_279' title='bbox 1604 3655 1808 3711; x_wconf 85' lang='lat' dir='ltr'>Manes.</span> 
     </span>
     <span class='ocr_line' id='line_1_43' title="bbox 411 3739 1612 3816; baseline -0.003 -17"><span class='ocrx_word' id='word_1_280' title='bbox 411 3741 689 3816; x_wconf 81' lang='lat' dir='ltr'>agricolae</span> <span class='ocrx_word' id='word_1_281' title='bbox 714 3742 899 3815; x_wconf 86' lang='lat' dir='ltr'>prisci,</span> <span class='ocrx_word' id='word_1_282' title='bbox 929 3742 1105 3800; x_wconf 82' lang='lat' dir='ltr'>fortes</span> <span class='ocrx_word' id='word_1_283' title='bbox 1133 3759 1416 3815; x_wconf 89' lang='lat' dir='ltr'>parvoque</span> <span class='ocrx_word' id='word_1_284' title='bbox 1444 3739 1612 3814; x_wconf 87' lang='lat' dir='ltr'>beati,</span> 
     </span>
    </p>
   </div>
   <div class='ocr_carea' id='block_1_13' title="bbox 2269 278 2359 331">
    <p class='ocr_par' dir='ltr' id='par_1_16' title="bbox 2269 278 2359 331">
     <span class='ocr_line' id='line_1_44' title="bbox 2269 278 2359 331; baseline 0 -1"><span class='ocrx_word' id='word_1_285' title='bbox 2269 278 2359 331; x_wconf 84' lang='lat'>175</span> 
     </span>
    </p>
   </div>
   <div class='ocr_carea' id='block_1_14' title="bbox 2283 603 2365 713">
    <p class='ocr_par' dir='ltr' id='par_1_17' title="bbox 2283 603 2365 713">
     <span class='ocr_line' id='line_1_45' title="bbox 2283 603 2365 713; textangle 90"><span class='ocrx_word' id='word_1_286' title='bbox 2283 603 2365 713; x_wconf 66' lang='grc' dir='ltr'>ἐξ</span> 
     </span>
    </p>
   </div>
   <div class='ocr_carea' id='block_1_15' title="bbox 2283 924 2364 968">
    <p class='ocr_par' dir='ltr' id='par_1_18' title="bbox 2283 924 2364 968">
     <span class='ocr_line' id='line_1_46' title="bbox 2283 924 2364 968; baseline 0 -14"><span class='ocrx_word' id='word_1_287' title='bbox 2283 924 2364 968; x_wconf 85' lang='lat'>105</span> 
     </span>
    </p>
   </div>
   <div class='ocr_carea' id='block_1_16' title="bbox 2281 1167 2358 1197">
    <p class='ocr_par' dir='ltr' id='par_1_19' title="bbox 2281 1167 2358 1197">
     <span class='ocr_line' id='line_1_47' title="bbox 2281 1167 2358 1197; baseline -0.013 0"><span class='ocrx_word' id='word_1_288' title='bbox 2281 1167 2358 1197; x_wconf 93' lang='lat'>101</span> 
     </span>
    </p>
   </div>
   <div class='ocr_carea' id='block_1_17' title="bbox 2280 1410 2363 1440">
    <p class='ocr_par' dir='ltr' id='par_1_20' title="bbox 2280 1410 2363 1440">
     <span class='ocr_line' id='line_1_48' title="bbox 2280 1410 2363 1440; baseline 0.012 -1"><span class='ocrx_word' id='word_1_289' title='bbox 2280 1410 2363 1440; x_wconf 93' lang='lat'>110</span> 
     </span>
    </p>
   </div>
   <div class='ocr_carea' id='block_1_18' title="bbox 2279 1814 2360 1860">
    <p class='ocr_par' dir='ltr' id='par_1_21' title="bbox 2279 1814 2360 1860">
     <span class='ocr_line' id='line_1_49' title="bbox 2279 1814 2360 1860; baseline 0.012 -15"><span class='ocrx_word' id='word_1_290' title='bbox 2279 1814 2360 1860; x_wconf 85' lang='lat'>115</span> 
     </span>
    </p>
   </div>
   <div class='ocr_carea' id='block_1_19' title="bbox 2279 2303 2358 2334">
    <p class='ocr_par' dir='ltr' id='par_1_22' title="bbox 2279 2303 2358 2334">
     <span class='ocr_line' id='line_1_50' title="bbox 2279 2303 2358 2334; baseline 0.025 -2"><span class='ocrx_word' id='word_1_291' title='bbox 2279 2303 2358 2334; x_wconf 89' lang='lat'>121</span> 
     </span>
    </p>
   </div>
   <div class='ocr_carea' id='block_1_20' title="bbox 2280 2626 2360 2671">
    <p class='ocr_par' dir='ltr' id='par_1_23' title="bbox 2280 2626 2360 2671">
     <span class='ocr_line' id='line_1_51' title="bbox 2280 2626 2360 2671; baseline 0.013 -14"><span class='ocrx_word' id='word_1_292' title='bbox 2280 2626 2360 2671; x_wconf 89' lang='lat'>125</span> 
     </span>
    </p>
   </div>
   <div class='ocr_carea' id='block_1_21' title="bbox 2279 3032 2361 3077">
    <p class='ocr_par' dir='ltr' id='par_1_24' title="bbox 2279 3032 2361 3077">
     <span class='ocr_line' id='line_1_52' title="bbox 2279 3032 2361 3077; baseline 0 0"><span class='ocrx_word' id='word_1_293' title='bbox 2279 3032 2361 3077; x_wconf 88' lang='lat'>130</span> 
     </span>
    </p>
   </div>
   <div class='ocr_carea' id='block_1_22' title="bbox 2287 3441 2365 3487">
    <p class='ocr_par' dir='ltr' id='par_1_25' title="bbox 2287 3441 2365 3487">
     <span class='ocr_line' id='line_1_53' title="bbox 2287 3441 2365 3487; baseline -0.026 0"><span class='ocrx_word' id='word_1_294' title='bbox 2287 3441 2365 3487; x_wconf 87' lang='lat'>135</span> 
     </span>
    </p>
   </div>
  </div>
 </body>
</html>
