2792 4334
425 303 519 347 102

1146 302 1202 361 Q.
1244 302 1507 353 HORATI
1544 305 1783 356 FLACCI

663 452 835 507 usque
863 435 935 491 ad
961 435 1109 492 mala
1137 437 1331 493 citaret
1367 440 1380 467 ‘
1396 439 1450 492 io
1480 438 1726 495 Bacchae
1743 439 1757 464 '
1785 439 1947 495 modo
1974 456 2191 494 summa

660 534 810 588 voce,
841 517 1003 573 modo
1031 517 1145 589 hac,
1178 523 1397 573 resonat
1427 538 1535 590 qua
1562 539 1590 576 e
1620 520 1833 576 chordis
1861 524 2124 592 quattuor
2148 521 2277 575 ima.

661 597 743 652 nil
770 599 995 670 aequale
1022 599 1232 654 homini
1260 599 1370 655 fuit
1398 600 1482 655 illi
1504 623 1515 657 ε
1557 620 1718 674 saepe
1744 602 1898 658 velut
1921 602 2022 674 ‘qui

663 680 915 737 currebat
941 681 1156 751 fugiens
1184 680 1416 752 hostem,
1449 700 1704 755 persaepe
1730 684 1885 739 velut
1913 684 2008 755 qui
2451 705 2506 735 10

665 761 892 818 Iunonis
920 780 1074 817 sacra
1100 762 1267 817 ferret
1287 784 1303 835 3
1344 762 1585 820 habebat
1612 782 1774 836 saepe
1802 765 2081 835 ducentOS,

663 835 824 914 saep'e
851 842 1038 898 decem
1067 861 1250 899 servos
1271 863 1288 915 3
1324 844 1493 900 modo
1520 863 1672 916 reges
1699 850 1866 917 atque
1895 844 2216 914 tetrarchaS‚

663 925 846 980 omnia
872 942 1074 995 magna
1101 925 1343 997 loquens,
1377 926 1540 981 modo
1574 929 1678 982 ‘sit
1708 927 1844 982 mihi
1873 945 2061 983 mensa
2089 927 2261 998 tripes
2290 930 2345 981 et

663 1005 867 1061 concha
892 1006 1023 1061 salis
1051 1007 1174 1077 puri
1203 1011 1261 1063 et
1288 1011 1436 1079 toga,
1470 1026 1607 1079 quae
1635 1008 1924 1064 defendere
1950 1009 2125 1080 frigus

663 1087 915 1158 quamvis
945 1105 1126 1143 crassa
1154 1089 1357 1160 queat.'
1442 1089 1656 1145 deciens
1684 1096 1914 1146 centena
1941 1090 2183 1146 dedisses
2318 1126 2320 1128 -
2452 1109 2506 1154 15

661 1168 790 1223 huic
817 1186 992 1239 paroc,
1026 1170 1211 1240 paucis
1243 1174 1517 1242 contento,
1552 1171 1792 1242 quinque
1820 1171 2016 1227 diebus

662 1249 744 1304 nil
772 1253 889 1305 erat
916 1249 975 1304 in
1002 1249 1209 1308 loculis.
1299 1262 1488 1307 noctes
1517 1251 1787 1323 vigilabat
1814 1252 1884 1308 ad
1912 1253 2095 1323 ipsum

661 1349 838 1401 mane,
870 1330 1016 1386 diem
1045 1335 1227 1387 totum
1257 1333 1544 1390 stertebat.
1629 1333 1710 1388 nil
1739 1333 1846 1389 fuit
1874 1352 2136 1405 umquam

661 1412 740 1467 sic
768 1412 926 1483 inpar
953 1412 1075 1469 sibi.
1161 1431 1308 1469 nunc
1336 1414 1536 1486 aliquis
1565 1414 1713 1471 dicat
1742 1415 1879 1470 mihi
1913 1418 1926 1443 ‘
1944 1415 2079 1486 quid
2107 1414 2212 1471 tu‘l

661 1492 883 1548 nullane
912 1493 1083 1549 habes
1110 1495 1249 1550 vitia
1268 1495 1317 1557 ’.ζ’
1346 1496 1516 1551 11111110
1544 1495 1653 1551 alia
1681 1501 1739 1552 et
1766 1496 1997 1552 fortasse
2026 1497 2252 1551 minora.
2451 1517 2510 1547 20

662 1573 916 1630 Maenius
945 1574 1228 1631 absentem
1259 1576 1509 1632 Novium
1536 1595 1659 1632 cum
1688 1582 1947 1648 carperet,
1986 1580 2000 1606 ‘
2016 1577 2150 1633 heus
2180 1582 2246 1632 tu
2264 1577 2277 1601 ²

662 1655 887 1727 quidam
915 1655 998 1711 ait
1032 1657 1278 1727 ‘ignoras
1306 1662 1377 1727 te,
1412 1676 1483 1713 an
1511 1662 1575 1713 ut
1602 1658 1851 1729 ignotum
1882 1659 2010 1714 dare
2038 1658 2197 1715 nobis

663 1737 831 1793 verba
858 1741 1023 1808 putas
1041 1737 1061 1793 ‘3
1078 1738 1090 1762 '
1178 1741 1191 1768 ‘
1209 1744 1426 1809 egomet
1455 1739 1532 1794 mi
1558 1739 1778 1810 ignosco
1796 1739 1809 1765 ²
1838 1740 2093 1795 Maenius
2121 1739 2318 1811 inquit.

662 1817 870 1873 stultus
897 1823 954 1874 et
982 1818 1243 1889 inprobus
1273 1819 1361 1875 hic
1390 1838 1543 1875 amor
1571 1825 1655 1875 est
1683 1820 1988 1892 dignusque
2015 1821 2213 1877 notari.

664 1916 791 1955 cum
818 1903 916 1955 tua
942 1900 1228 1971 pervideas
1257 1901 1432 1957 oculis
1460 1895 1604 1957 mala
1631 1901 1815 1973 lippus
1842 1902 2100 1973 inunctiS,
2448 1921 2506 1966 25

663 1998 762 2036 cur
788 1981 845 2035 in
872 1981 1171 2036 amicorum
1198 1982 1354 2037 vitiis
1383 1987 1502 2037 tam
1532 1983 1706 2037 cernis
1735 1986 1973 2052 acutum,

663 2079 832 2133 quam
859 2067 957 2117 aut
985 2061 1170 2132 aquila
1197 2067 1297 2118 aut
1325 2081 1546 2135 serpens
1574 2063 1945 2135 Epidaurius?
1983 2069 2045 2120 at
2074 2063 2179 2120 tibi
2210 2068 2400 2119 contra

664 2142 863 2213 evenit,
896 2143 1180 2215 inquirant
1208 2144 1349 2199 vitia
1376 2149 1441 2200 ut
1470 2149 1568 2200 tua
1593 2163 1782 2200 rursus
1810 2149 1867 2201 et
1894 2144 1992 2202 illi.

664 2223 974 2279 iracundior
1001 2228 1086 2280 est
1112 2225 1293 2296 paulo,
1325 2225 1510 2281 minus
1538 2229 1702 2298 aptus
1730 2227 1907 2282 acutis

664 2305 889 2361 naribus
915 2305 1112 2360 horum
1142 2305 1430 2361 hominum
1449 2326 1466 2378 3
1508 2306 1672 2363 rideri
1699 2309 1873 2379 possit
1901 2326 1964 2364 00
1992 2308 2138 2380 quod
2450 2331 2510 2374 30

665 2386 921 2442 rusticius
949 2391 1108 2442 tonso
1136 2392 1267 2458 toga
1295 2387 1490 2443 defluit
1518 2393 1574 2444 et
1602 2388 1745 2445 male
1773 2389 1931 2445 laxus

665 2468 724 2522 in
753 2468 888 2539 pede
919 2467 1131 2524 calceus
1158 2468 1349 2525 haeret
1368 2489 1384 2540 3
1428 2474 1488 2525 at
1516 2475 1600 2526 est
1626 2470 1819 2541 bonus,
1848 2475 1918 2526 -ut
1945 2469 2136 2526 melior
2163 2470 2251 2525 vir

665 2566 778 2604 11011
804 2549 945 2604 alius
974 2550 1282 2621 quisquam,
1315 2556 1376 2606 at
1406 2550 1512 2606 tibi
1539 2552 1764 2624 amicus,
1797 2557 1855 2607 at
1884 2552 2165 2622 ingenium
2195 2551 2389 2622 ingens

667 2630 875 2686 inculto
903 2631 1046 2686 latet
1074 2630 1174 2686 hoc
1202 2631 1307 2687 sub
1336 2650 1570 2703 corpore.
1657 2633 1892 2703 denique
1920 2637 1977 2688 te
2004 2634 2187 2705 ipsum

666 2716 907 2784 concute,
940 2725 1075 2767 num
1103 2730 1213 2784 qua
1240 2713 1346 2769 tibi
1373 2715 1636 2769 vitiorum
1663 2714 1926 2770 inseverit
1954 2713 2087 2770 olim
2452 2734 2511 2781 35

665 2798 866 2848 natura
892 2798 992 2849 aut
1020 2794 1190 2849 etiam
1219 2795 1558 2850 consuetudo
1586 2794 1733 2851 mala
1752 2817 1769 2869 3
1808 2813 2047 2867 namque

667 2872 923 2930 neclectis
951 2874 1157 2929 urenda
1183 2875 1306 2930 filix
1332 2875 1636 2931 innascitur
1662 2877 1821 2947 agris,

666 2955 799 3010 illuc
825 2959 1249 3027 praevertemur,
1284 2960 1583 3012 amatorem
1612 2957 1759 3028 quod
1787 2958 1991 3013 amicae

668 3037 853 3108 turpia
879 3037 1161 3108 decipiunt
1189 3055 1413 3092 caecum
1439 3039 1592 3108 vitia,
1626 3044 1725 3094 aut
1753 3039 1921 3094 etiam
1947 3039 2068 3109 ipsa
2095 3037 2231 3094 haec

668 3118 962 3189 delectant,
994 3118 1169 3174 veluti
1199 3118 1499 3173 Balbinum
1528 3113 1760 3191 polypus
1790 3119 2036 3191 Hagnae.
2452 3144 2513 3185 40

666 3199 865 3255 vellem
893 3200 952 3255 in
980 3199 1223 3255 amicitia
1251 3200 1328 3254 sic
1357 3217 1658 3255 erraremus
1687 3205 1745 3255 et
1772 3200 1867 3256 isti

668 3281 835 3336 errori
862 3299 1059 3336 nomen
1089 3281 1267 3336 virtus
1296 3281 1567 3352 posuisset
1595 3280 1905 3337 honestum.

666 3366 728 3418 at
756 3366 911 3433 pater
936 3367 1002 3417 ut
1031 3363 1162 3433 nati,
1195 3362 1275 3418 sic
1303 3379 1401 3417 nos
1430 3361 1688 3417 debemus
1718 3362 1894 3432 amici,

668 3443 717 3498 si
746 3443 891 3514 quod
917 3444 993 3499 sit
1022 3443 1236 3515 vitium,
1271 3461 1380 3498 non
1409 3442 1657 3498 fastidire
1680 3464 1692 3500 :
1738 3443 2050 3499 strabonem

668 3523 909 3595 appellat
938 3530 1163 3596 paetum
1189 3529 1363 3596 pater,
1397 3528 1455 3580 et
1483 3522 1711 3595 pullum,
1744 3523 1888 3579 male
1913 3541 2118 3595 parvus
2452 3545 2512 3592 45

668 3605 717 3660 si
745 3606 831 3661 cui
857 3605 1005 3661 filius
1034 3611 1133 3676 est,
1165 3610 1230 3661 ut
1259 3605 1544 3660 abortivus
1572 3605 1680 3660 fuit
1710 3604 1840 3660 olim

669 3686 936 3758 Sisyphus
955 3707 972 3758 3
1013 3687 1159 3743 hunc
1186 3704 1382 3743 varum
1411 3685 1659 3747 distortis
1688 3685 1955 3758 cruribus,
1986 3686 2146 3742 illum

668 3767 911 3826 balbutit
940 3786 1191 3824 scaurum
1219 3768 1409 3840 pravis
1433 3766 1636 3823 fultum
1666 3767 1810 3824 male
1838 3768 1982 3825 talis,
