2792 4334
1003 253 1386 305 CARMINUM
1422 251 1551 303 LIB.
1590 250 1614 299 I
2070 267 2088 286 ·
2160 259 2163 262 ’
2291 205 2357 302 lo

1241 482 1388 541 XXI

749 604 991 661 Dianam
1021 608 1243 660 tenerae
1272 604 1440 660 dicite
1469 602 1721 674 virgines»,

750 689 1053 755 intonsum,
1080 686 1249 758 pueri,
1283 685 1452 741 dicite
1481 682 1784 755 Cynthium

830 767 1213 838 Latonamque
1240 783 1495 837 supremo

911 847 1173 904 dilectam
1203 848 1427 920 penitus
1457 846 1593 902 Iovi.

748 947 850 987 vos
877 929 1084 986 laetam
1111 928 1298 985 fluviis
1324 933 1384 985 et
1411 944 1697 984 nemorum
1726 943 1897 996 coma,
2330 948 2359 995 5

750 1028 1128 1083 quaecumque
1155 1015 1254 1066 aut
1281 1008 1467 1081 gelido
1492 1009 1765 1081 prominet
1793 1006 2013 1078 Algido,

830 1092 1002 1163 nigris
1030 1095 1130 1147 aut
1157 1090 1494 1161 Erymanthi

913 1172 1071 1229 silvis
1099 1176 1199 1228 aut
1226 1171 1423 1227 viridis
1455 1170 1620 1242 Gragi
1642 1191 1658 1242 3

750 1272 851 1312 vos
879 1254 1082 1326 Tempe
1111 1252 1345 1310 totidem
1373 1252 1555 1308 tollite
1581 1249 1841 1306 laudibus

750 1335 1122 1407 natalemque,
1155 1352 1350 1406 mareS,
1384 1333 1566 1390 Delon
1596 1331 1874 1403 Apollinis
2309 1356 2362 1386 10

832 1418 1211 1489 insignemque
1239 1416 1501 1488 pharetra

915 1498 1268 1569 fraternaque
1295 1514 1548 1553 umerum
1576 1495 1710 1566 lyra.
2331 1519 2354 1550 ο

751 1580 843 1636 hic
869 1579 1079 1637 bellum
1107 1579 1475 1649 lacrimosum,
1506 1577 1597 1633 hic
1624 1577 1881 1632 miseram
1909 1574 2111 1631 famem

752 1665 1076 1735 pestemque
1105 1679 1139 1717 a
1165 1659 1368 1731 populo
1397 1664 1457 1715 et
1484 1658 1727 1730 principe
1758 1656 1991 1714 Caesare
2022 1656 2079 1712 in

836 1743 1034 1799 Persas
1063 1746 1231 1813 atque
1262 1741 1560 1796 Britannos
2311 1757 2365 1804 15

917 1827 1106 1880 vestra
1132 1827 1316 1879 motus
1345 1827 1477 1893 aget
1502 1838 1673 1893 prece.

1224 2044 1405 2101 XXII

756 2168 984 2247 Integer
1012 2167 1164 2241 vitae
1191 2164 1522 2236 scelerisque
1549 2181 1720 2236 purus

753 2268 866 2306 non
894 2253 1021 2321 eget
1049 2247 1262 2304 Mauris
1289 2244 1487 2303 iaculis
1513 2263 1689 2316 neque
1717 2262 1849 2300 arcu

756 2349 858 2388 nec
883 2330 1172 2387 venenatis
1199 2327 1432 2400 gravida
1460 2327 1696 2398 sagittis,

838 2411 1030 2481 Fusce,
1062 2409 1340 2482 pharetra,

754 2495 875 2550 sive
901 2510 998 2564 per
1028 2491 1221 2563 Syrtes
1250 2490 1357 2545 iter
1385 2493 1684 2560 aestuosas,
2338 2505 2368 2555 5

756 2576 876 2631 sive
903 2574 1153 2629 facturus
1179 2588 1277 2643 per
1306 2569 1696 2641 inhospitalem

757 2655 1069 2713 Caucasum
1098 2651 1189 2710 vel
1217 2669 1354 2724 quae
1385 2651 1507 2706 loca
1533 2650 1819 2706 fabulosus

836 2734 1039 2820 Μ
1067 2733 1376 2807 Hydaspes

755 2835 994 2890 namque
1023 2834 1112 2872 me
1140 2814 1283 2871 silva
1311 2812 1479 2885 lupus
1505 2813 1563 2868 in
1594 2812 1815 2882 Sabina,

755 2902 894 2958 dum
920 2915 1102 2955 meam
1129 2900 1293 2953 canto
1321 2893 1567 2965 Lalagen
1595 2899 1653 2950 et
1679 2894 1832 2954 ultra
2315 2915 2372 2946 10

755 2982 1060 3056 terminum
1074 2974 1747 3055 -Qtifs-ragfffapiezsiitis,
2414 2977 2417 2983 “

775 3061 781 3064 Κ
796 3057 1294 3142 ’ζῇ-ιρζίηθιτηθω.

795 3145 923 3201 uale
1022 3146 1273 3199 rtentum
1301 3156 1481 3212 neque
1507 3139 1765 3196 militaris

355 3161 1305 3295 4³..17'ffllk'2--Bq‘aff‘niffisstl's‘a‘li't
1333 3220 1641 3292 aesculetis,

757 3325 861 3365 nec
887 3306 1063 3363 Iubae
1091 3304 1260 3362 tellus
1286 3307 1529 3375 generat,
1560 3302 1778 3358 leonum
2317 3319 2372 3367 15

841 3388 998 3444 arida
1017 3386 1224 3442 nutrix.

758 3488 902 3542 pone
928 3487 1034 3539 me,
1065 3468 1245 3543 pQ
1266 3465 1362 3523 ubi
1390 3464 1549 3520 nulla
1575 3465 1783 3538 campis

759 3552 925 3608 arbor
950 3550 1165 3606 aestiva
1191 3551 1472 3604 recreatur
1495 3565 1647 3619 aura,

785 3719 795 3728 “
845 3714 1100 3787 Iuppiter
1124 3728 1298 3787 urguo
1348 3730 1368 3783 3
2316 3726 2376 3758 20

690 3807 1096 3855 m
