2792 4334
514 298 577 345 20

1242 296 1299 356 Q.
1339 296 1601 347 HORATI
1638 296 1876 348 FLACCI

991 432 1233 488 fervidus
1261 436 1441 488 tecum
1469 451 1603 505 puer
1629 439 1686 491 et
1713 433 1907 490 solutis

998 512 1224 571 Gratiae
1252 515 1405 570 zonis
1434 520 1831 586 properentque
1862 513 2156 586 Nymphae

997 600 1055 651 et
1082 613 1275 668 parum
1303 596 1473 652 comis
1501 597 1619 653 sine
1647 602 1703 653 te
1734 596 2000 653 Iuventas

1082 676 1510 748 Mercuriusque.

1461 874 1666 930 XXXI

922 993 1071 1062 Quid
1097 992 1411 1050 dedicatum
1440 996 1617 1067 poscit
1646 993 1962 1066 Apollinem

921 1076 1115 1131 vates?
1196 1075 1330 1146 quid
1359 1080 1481 1131 orat
1510 1076 1577 1131 de
1606 1080 1798 1147 patera
1825 1094 2030 1132 novum

1001 1155 1236 1212 fundens
1263 1155 1569 1228 liquorem?
1650 1175 1759 1212 non
1788 1158 2000 1229 opimae

1083 1237 1367 1294 Sardiniae
1396 1243 1610 1310 segetes
1637 1238 1853 1309 feraces,

924 1336 1031 1374 non
1058 1323 1339 1375 aestuosae
1365 1324 1528 1392 grata
1558 1319 1842 1376 Calabriae

923 1404 1185 1470 armenta,
1219 1418 1328 1456 non
1355 1419 1551 1457 aurum
1582 1406 1680 1457 aut
1709 1402 1842 1457 ebur
1872 1400 2139 1471 Indicum,

1007 1499 1111 1537 non
1140 1499 1270 1537 rura
1297 1499 1437 1552 quae
1466 1482 1612 1538 Liris
1640 1483 1827 1554 quieta

1088 1562 1301 1619 mordet
1331 1581 1475 1634 aqua
1504 1564 1813 1619 taciturnus
1841 1564 2033 1620 amnis,

926 1650 1175 1715 premant
1205 1643 1410 1700 Calena
1438 1644 1578 1701 falce
1607 1644 1805 1716 quibus
1832 1644 1989 1701 dedit

927 1725 1150 1781 fortuna
1178 1725 1365 1795 vitem,
1402 1725 1557 1781 dives
1585 1731 1649 1782 ut
1678 1726 1854 1782 aureis

1010 1811 1274 1862 mercator
1301 1807 1539 1863 exsiccet
1569 1806 1769 1863 culillis

1087 1888 1219 1943 vina
1247 1888 1385 1959 Syra
1415 1892 1669 1960 reparata
1697 1906 1886 1958 merce,

931 1968 1017 2024 dis
1046 1986 1201 2025 carus
1229 1969 1376 2040 ipsis,
1414 1969 1619 2041 quippe
1647 1974 1732 2026 ter
1761 1973 1816 2025 et
1846 1973 2041 2040 quater

930 2068 1073 2105 anno
1100 2050 1340 2106 revisens
1370 2068 1573 2121 aequor
1602 2050 1950 2106 Atlanticum

1010 2131 1247 2203 inpune:
1290 2149 1376 2187 me
1408 2136 1642 2202 pascunt
1671 2130 1863 2200 olivae,

1089 2229 1177 2268 me
1204 2211 1450 2268 cichorea
1478 2211 1733 2284 levesque
1761 2211 1989 2269 malvae.
2066 2234 2072 2240 ·

933 2293 1042 2349 frui
1069 2294 1277 2364 paratis
1306 2297 1363 2349 et
1392 2293 1579 2349 valido
1608 2293 1759 2365 mihi,

933 2374 1118 2445 Latoe‚
1152 2374 1320 2430 dones
1349 2379 1405 2430 et
1434 2393 1623 2447 precor
1652 2376 1865 2447 integra

1011 2473 1133 2511 cum
1163 2460 1347 2511 mente
1374 2473 1475 2512 nec
1504 2462 1724 2528 turpem
1751 2461 2025 2512 senectam

1094 2536 1289 2608 degere
1318 2554 1417 2593 nec
1446 2538 1659 2594 cithara
1686 2543 1979 2595 carentem.

1455 2735 1691 2790 XXXII

936 2854 1229 2910 Poscimur.
1318 2855 1365 2909 si
1393 2853 1528 2925 quid
1555 2855 1716 2910 vacui
1743 2854 1846 2910 sub
1874 2853 2069 2909 umbra

934 2933 1166 2990 lusimus
1197 2939 1392 3004 tecum,
1428 2934 1574 3005 quod
1604 2939 1660 2990 et
1688 2934 1832 2990 hunc
1859 2935 1919 2991 in
1948 2952 2150 2990 annum

935 3017 1091 3072 vivat
1117 3021 1175 3072 et
1203 3016 1400 3088 plureS,
1434 3033 1534 3087 age
1558 3015 1649 3102 Q
1678 3016 1958 3086 Latinum,

1093 3097 1326 3166 barbite,
1359 3114 1595 3167 carmen,

938 3178 1135 3234 Lesbio
1164 3179 1402 3249 primum
1431 3178 1712 3233 modulate
1740 3178 1861 3248 civi,

937 3260 1048 3330 qui,
1083 3259 1232 3315 ferox
1258 3258 1417 3328 116110,
1452 3263 1639 3315 tamen
1668 3259 1812 3315 inter
1838 3276 2004 3329 arma,

937 3335 1053 3417 siye
1081 3341 1342 3396 iactatam
1369 3339 1630 3411 religarat
1658 3339 1767 3395 udo

1096 3421 1256 3477 litore
1285 3439 1498 3491 navem,

940 3502 1201 3559 Liberum
1229 3507 1285 3558 et
1313 3502 1506 3558 Musas
1534 3501 1909 3573 Veneremque
1940 3505 1997 3557 et
2022 3499 2104 3556 illi

939 3601 1148 3655 semper
1177 3584 1493 3640 haerentem
1520 3601 1750 3654 puerum
1779 3582 2010 3638 canebat

937 3669 995 3720 et
1023 3664 1232 3738 Lycum
1260 3666 1430 3736 nigris
1458 3664 1629 3720 oculis
1657 3664 1918 3736 nigroque

1095 3747 1240 3802 crine
1268 3746 1536 3802 decorum.

2546 1747 2603 1780 10

2554 2560 2617 2592 20

2562 3608 2621 3640 10
